<record><header><identifier>oai:alma.41SLSP_UGE:991000040929705502</identifier><datestamp>2023-03-30T00:12:04Z</datestamp><setSpec>uge_bcen_RapidILL_BOOK</setSpec><setSpec>uge_aaca_RapidILL_BOOK</setSpec><setSpec>uge_abels_RapidILL_BOOK</setSpec><setSpec>uge_dbu_RapidILL_BOOK</setSpec><setSpec>uge_cmu_RapidILL_BOOK</setSpec><setSpec>uge_mail_RapidILL_BOOK</setSpec><setSpec>uge_abbat_RapidILL_BOOK</setSpec><setSpec>UNIGE_ALL</setSpec><setSpec>uge_aobs_RapidILL_BOOK</setSpec><setSpec>uge_acar_RapidILL_BOOK</setSpec></header><metadata>
<record xmlns="http://www.loc.gov/MARC21/slim" xmlns:xsi="http://www.w3.org/2001/XMLSchema-instance" xsi:schemaLocation="http://www.loc.gov/MARC21/slim http://www.loc.gov/standards/marcxml/schema/MARC21slim.xsd"><leader>01639nam a2200361 c 4500</leader><controlfield tag="001">991000040929705502</controlfield><controlfield tag="005">20230329200547.0</controlfield><controlfield tag="008">000718s1984    fr ||||| |||| 00| ||fre d</controlfield><datafield ind1=" " ind2=" " tag="020"><subfield code="z">2717806399</subfield><subfield code="q">Economica</subfield></datafield><datafield ind1=" " ind2=" " tag="020"><subfield code="a">9280321048</subfield><subfield code="q">Unesco</subfield></datafield><datafield ind1="7" ind2=" " tag="024"><subfield code="a">http://catalogue.bnf.fr/ark:/12148/cb36616639k</subfield><subfield code="2">uri</subfield></datafield><datafield ind1=" " ind2=" " tag="035"><subfield code="a">(swissbib)079717365-41slsp_network</subfield></datafield><datafield ind1=" " ind2=" " tag="035"><subfield code="a">079717365</subfield><subfield code="9">ExL</subfield></datafield><datafield ind1=" " ind2=" " tag="035"><subfield code="a">(RERO)0560209-41slsp</subfield></datafield><datafield ind1=" " ind2=" " tag="035"><subfield code="a">(EXLNZ-41SLSP_NETWORK)991088058349705501</subfield></datafield><datafield ind1=" " ind2=" " tag="040"><subfield code="a">RERO</subfield><subfield code="d">CH-ZuSLS</subfield></datafield><datafield ind1="1" ind2=" " tag="041"><subfield code="a">fre</subfield><subfield code="h">eng</subfield></datafield><datafield ind1=" " ind2="7" tag="072"><subfield code="a">se</subfield><subfield code="2">rero</subfield></datafield><datafield ind1="0" ind2="0" tag="245"><subfield code="a">&lt;&lt;Le&gt;&gt; nouvel ordre international et l'enseignement supérieur</subfield><subfield code="b">recueil de textes</subfield><subfield code="c">[publ. par l']Institut international de planification de l'éducation ; préparé sous la responsabilité de Bikas C. Sanyal ; avec la contribution de Malcolm Adiseshiah, Theodore Schultz... [et al.] ; [trad. par Annick Touchard]</subfield></datafield><datafield ind1=" " ind2="1" tag="264"><subfield code="a">Paris</subfield><subfield code="b">Economica</subfield><subfield code="a">Paris</subfield><subfield code="b">UNESCO</subfield><subfield code="c">1984</subfield></datafield><datafield ind1=" " ind2=" " tag="300"><subfield code="a">268 p.</subfield><subfield code="b">ill.</subfield><subfield code="c">24 cm</subfield></datafield><datafield ind1=" " ind2=" " tag="336"><subfield code="b">txt</subfield><subfield code="2">rdacontent</subfield></datafield><datafield ind1=" " ind2=" " tag="337"><subfield code="b">n</subfield><subfield code="2">rdamedia</subfield></datafield><datafield ind1=" " ind2=" " tag="338"><subfield code="b">nc</subfield><subfield code="2">rdacarrier</subfield></datafield><datafield ind1=" " ind2=" " tag="500"><subfield code="a">Traduit de: Higher education and the new international order</subfield></datafield><datafield ind1=" " ind2="7" tag="650"><subfield code="a">Enseignement supérieur</subfield><subfield code="0">(IDREF)027335747</subfield><subfield code="2">idref</subfield></datafield><datafield ind1=" " ind2="7" tag="650"><subfield code="a">Nouvel ordre économique international</subfield><subfield code="0">(IDREF)028147405</subfield><subfield code="2">idref</subfield></datafield><datafield ind1=" " ind2="7" tag="655"><subfield code="a">[Études diverses]</subfield><subfield code="0">(RERO)A022249905</subfield><subfield code="2">rero</subfield></datafield><datafield ind1="1" ind2=" " tag="700"><subfield code="a">Sanyal, Bikas C.</subfield><subfield code="0">(IDREF)028394127</subfield></datafield><datafield ind1="1" ind2=" " tag="700"><subfield code="a">Adiseshiah, Malcolm Sathianathan</subfield><subfield code="d">1910-1994</subfield><subfield code="0">(IDREF)080452981</subfield></datafield><datafield ind1="1" ind2=" " tag="700"><subfield code="a">Schultz, Theodore William</subfield><subfield code="0">(RERO)A003809346</subfield></datafield><datafield ind1="1" ind2=" " tag="700"><subfield code="a">Touchard, Annick</subfield><subfield code="0">(RERO)A003906954</subfield></datafield><datafield ind1="2" ind2=" " tag="710"><subfield code="a">Institut international de planification de l'éducation</subfield><subfield code="0">(IDREF)026439034</subfield></datafield><datafield ind1=" " ind2=" " tag="900"><subfield code="a">REROnoselfmerge</subfield></datafield></record>
</metadata></record>