<record><header><identifier>oai:alma.41SLSP_UGE:991000040739705502</identifier><datestamp>2023-10-26T00:42:23Z</datestamp><setSpec>uge_bcen_RapidILL_BOOK</setSpec><setSpec>uge_aaca_RapidILL_BOOK</setSpec><setSpec>uge_abels_RapidILL_BOOK</setSpec><setSpec>uge_dbu_RapidILL_BOOK</setSpec><setSpec>uge_cmu_RapidILL_BOOK</setSpec><setSpec>uge_mail_RapidILL_BOOK</setSpec><setSpec>uge_abbat_RapidILL_BOOK</setSpec><setSpec>UNIGE_ALL</setSpec><setSpec>uge_acar_RapidILL_BOOK</setSpec><setSpec>uge_aobs_RapidILL_BOOK</setSpec></header><metadata>
<record xmlns="http://www.loc.gov/MARC21/slim" xmlns:xsi="http://www.w3.org/2001/XMLSchema-instance" xsi:schemaLocation="http://www.loc.gov/MARC21/slim http://www.loc.gov/standards/marcxml/schema/MARC21slim.xsd"><leader>02632nam a2200577 c 4500</leader><controlfield tag="001">991000040739705502</controlfield><controlfield tag="005">20231010164414.0</controlfield><controlfield tag="008">201011s2011    fr ||||| |||| 10| ||fre d</controlfield><datafield ind1=" " ind2=" " tag="020"><subfield code="a">2910763234</subfield></datafield><datafield ind1=" " ind2=" " tag="020"><subfield code="a">9782910763237</subfield></datafield><datafield ind1=" " ind2=" " tag="035"><subfield code="a">(swissbib)211919683-41slsp_network</subfield></datafield><datafield ind1=" " ind2=" " tag="035"><subfield code="a">211919683</subfield><subfield code="9">ExL</subfield></datafield><datafield ind1=" " ind2=" " tag="035"><subfield code="a">(RERO)R006307785-41slsp</subfield></datafield><datafield ind1=" " ind2=" " tag="035"><subfield code="a">(IDSBB)005678775DSV01</subfield></datafield><datafield ind1=" " ind2=" " tag="035"><subfield code="a">(OCoLC)754241786</subfield></datafield><datafield ind1=" " ind2=" " tag="035"><subfield code="a">(EXLNZ-41SLSP_NETWORK)991070880559705501</subfield></datafield><datafield ind1=" " ind2=" " tag="040"><subfield code="a">IXA</subfield><subfield code="d">CH-ZuSLS</subfield></datafield><datafield ind1="0" ind2=" " tag="041"><subfield code="a">fre</subfield></datafield><datafield ind1=" " ind2=" " tag="050"><subfield code="a">GN776.22.F8</subfield><subfield code="b">R43 2009</subfield></datafield><datafield ind1=" " ind2="7" tag="072"><subfield code="a">ar</subfield><subfield code="2">rero</subfield></datafield><datafield ind1=" " ind2="7" tag="072"><subfield code="a">ar</subfield><subfield code="2">SzZuIDS BS/BE</subfield></datafield><datafield ind1="1" ind2=" " tag="080"><subfield code="a">903/904(4F):631(06)</subfield></datafield><datafield ind1="1" ind2="4" tag="082"><subfield code="a">930</subfield><subfield code="2">15</subfield></datafield><datafield ind1="0" ind2="0" tag="245"><subfield code="a">Evolution typologique et technique des meules du Néolithique à l'an mille</subfield><subfield code="b">actes des IIIe Rencontres archéologiques de l'Archéosite gaulois</subfield><subfield code="c">dirigés par Olivier Buchsenschutz... [et al.]</subfield></datafield><datafield ind1=" " ind2="1" tag="264"><subfield code="a">Bordeaux</subfield><subfield code="b">Fédération Aquitania</subfield><subfield code="b">Archéosite Gaulois de Rieux Volvestre</subfield><subfield code="b">Groupe Meule</subfield><subfield code="c">2011</subfield></datafield><datafield ind1=" " ind2=" " tag="300"><subfield code="a">479 p.</subfield><subfield code="b">ill. (some col.), maps (some col.)</subfield><subfield code="c">27 cm</subfield></datafield><datafield ind1=" " ind2=" " tag="336"><subfield code="b">txt</subfield><subfield code="2">rdacontent</subfield></datafield><datafield ind1=" " ind2=" " tag="337"><subfield code="b">n</subfield><subfield code="2">rdamedia</subfield></datafield><datafield ind1=" " ind2=" " tag="338"><subfield code="b">nc</subfield><subfield code="2">rdacarrier</subfield></datafield><datafield ind1="1" ind2=" " tag="490"><subfield code="a">Aquitania. Supplément</subfield><subfield code="v">23</subfield></datafield><datafield ind1=" " ind2=" " tag="500"><subfield code="a">Round table held Oct. 2-4, 2009</subfield></datafield><datafield ind1=" " ind2=" " tag="500"><subfield code="a">Akten der dritten Tagung des Archéosite Gaulois vom 2. bis 4. Oktober 2009 in Rieux Volvestre (Dép. Haute-Garonne, F)</subfield></datafield><datafield ind1=" " ind2=" " tag="500"><subfield code="a">Summaries in English and French</subfield></datafield><datafield ind1=" " ind2=" " tag="504"><subfield code="a">Includes bibliographical references</subfield></datafield><datafield ind1=" " ind2="7" tag="650"><subfield code="a">meule (moulin)</subfield><subfield code="0">(RERO)A012683178</subfield><subfield code="2">rerovoc</subfield></datafield><datafield ind1=" " ind2="7" tag="650"><subfield code="a">6e millénaire av. J.-C.-10e siècle</subfield><subfield code="0">(RERO)A027013228</subfield><subfield code="2">rero</subfield></datafield><datafield ind1=" " ind2="0" tag="650"><subfield code="a">Millstones</subfield><subfield code="z">France, Southern</subfield><subfield code="x">History</subfield><subfield code="v">Congresses</subfield></datafield><datafield ind1=" " ind2="0" tag="650"><subfield code="a">Mills and mill-work</subfield><subfield code="z">France, Southern</subfield><subfield code="x">History</subfield><subfield code="v">Congresses</subfield></datafield><datafield ind1=" " ind2="0" tag="650"><subfield code="a">Neolithic period</subfield><subfield code="z">France, Southern</subfield><subfield code="v">Congresses</subfield></datafield><datafield ind1=" " ind2="0" tag="650"><subfield code="a">Excavations (Archaeology)</subfield><subfield code="z">France, Southern</subfield><subfield code="v">Congresses</subfield></datafield><datafield ind1=" " ind2="7" tag="651"><subfield code="a">France</subfield><subfield code="0">(IDREF)027226794</subfield><subfield code="2">idref</subfield></datafield><datafield ind1=" " ind2="0" tag="651"><subfield code="a">France, Southern</subfield><subfield code="x">Antiquities</subfield><subfield code="v">Congresses</subfield></datafield><datafield ind1=" " ind2="7" tag="655"><subfield code="a">Actes de congrès</subfield><subfield code="0">(IDREF)02886431X</subfield><subfield code="2">idref</subfield></datafield><datafield ind1=" " ind2="7" tag="655"><subfield code="a">Konferenzschrift</subfield><subfield code="z">Rieux Volvestre</subfield><subfield code="y">2009</subfield><subfield code="2">gnd-content</subfield></datafield><datafield ind1="1" ind2=" " tag="700"><subfield code="a">Buchsenschutz, Olivier</subfield><subfield code="d">1946-</subfield><subfield code="6">880-02</subfield><subfield code="0">(DE-588)1048172880</subfield></datafield><datafield ind1="1" ind2=" " tag="880"><subfield code="6">700-02</subfield><subfield code="a">Buchsenschutz, Olivier</subfield><subfield code="d">1946-....</subfield><subfield code="0">(IDREF)026758059</subfield></datafield><datafield ind1="2" ind2=" " tag="711"><subfield code="a">Rencontres Archéologiques de l'Archéosite Gaulois</subfield><subfield code="n">3</subfield><subfield code="d">2009</subfield><subfield code="c">Rieux-Volvestre</subfield><subfield code="0">(DE-588)16327784-9</subfield></datafield><datafield ind1="2" ind2=" " tag="711"><subfield code="a">Rencontres archéologiques de l'Archéosite gaulois</subfield><subfield code="n">1</subfield><subfield code="d">2009</subfield><subfield code="c">Rieux Volvestre</subfield><subfield code="0">(RERO)A023951279</subfield></datafield><datafield ind1=" " ind2=" " tag="830"><subfield code="a">Aquitania</subfield><subfield code="p">Supplément</subfield><subfield code="v">23</subfield><subfield code="w">(RERO)0731375-41slsp</subfield></datafield><datafield ind1=" " ind2=" " tag="830"><subfield code="a">Aquitania</subfield><subfield code="p">Supplément</subfield><subfield code="v">23</subfield><subfield code="w">(IDSBB)000246062DSV01</subfield></datafield><datafield ind1=" " ind2=" " tag="900"><subfield code="a">REROnoselfmerge</subfield></datafield><datafield ind1=" " ind2=" " tag="910"><subfield code="a">OCoLC</subfield><subfield code="b">20111007</subfield><subfield code="c">Droits réservés</subfield></datafield></record>
</metadata></record>