<record><header><identifier>oai:alma.41SLSP_UGE:991000040639705502</identifier><datestamp>2024-11-07T01:10:00Z</datestamp><setSpec>UNIGE_ALL</setSpec></header><metadata>
<record xmlns="http://www.loc.gov/MARC21/slim" xmlns:xsi="http://www.w3.org/2001/XMLSchema-instance" xsi:schemaLocation="http://www.loc.gov/MARC21/slim http://www.loc.gov/standards/marcxml/schema/MARC21slim.xsd"><leader>04085ngm a2200625 c 4500</leader><controlfield tag="001">991000040639705502</controlfield><controlfield tag="005">20241106093747.0</controlfield><controlfield tag="008">201011p20072005sz |||            v|ger  </controlfield><datafield ind1=" " ind2=" " tag="019"><subfield code="a">Nicht visioniert</subfield><subfield code="5">NEBIS/12.06.2007/E65.as</subfield></datafield><datafield ind1="4" ind2="2" tag="028"><subfield code="a">21089</subfield></datafield><datafield ind1=" " ind2=" " tag="035"><subfield code="a">(swissbib)226244423-41slsp_network</subfield></datafield><datafield ind1=" " ind2=" " tag="035"><subfield code="a">226244423</subfield><subfield code="9">ExL</subfield></datafield><datafield ind1=" " ind2=" " tag="035"><subfield code="a">(NEBIS)005251551EBI01</subfield></datafield><datafield ind1=" " ind2=" " tag="035"><subfield code="a">(RERO)R004420897-41slsp</subfield></datafield><datafield ind1=" " ind2=" " tag="035"><subfield code="a">(IDSSG)000838104HSB01</subfield></datafield><datafield ind1=" " ind2=" " tag="035"><subfield code="a">(EXLNZ-41SLSP_NETWORK)991125693619705501</subfield></datafield><datafield ind1=" " ind2=" " tag="040"><subfield code="a">SzZuIDS NEBIS FH-HGK</subfield><subfield code="d">CH-ZuSLS</subfield></datafield><datafield ind1="1" ind2=" " tag="041"><subfield code="a">fre</subfield><subfield code="a">ger</subfield><subfield code="a">spa</subfield><subfield code="h">spa</subfield></datafield><datafield ind1=" " ind2="7" tag="072"><subfield code="a">ba</subfield><subfield code="2">rero</subfield></datafield><datafield ind1="1" ind2=" " tag="080"><subfield code="a">DVDF 2005</subfield></datafield><datafield ind1="0" ind2="0" tag="245"><subfield code="a">Princesas</subfield><subfield code="c">ein Film von Fernando León de Aranoa</subfield></datafield><datafield ind1=" " ind2="1" tag="264"><subfield code="a">[Zürich]</subfield><subfield code="b">Xenix Film</subfield><subfield code="c">[2007]</subfield></datafield><datafield ind1=" " ind2=" " tag="300"><subfield code="a">1 DVD-Video (108 Min. + 70 Min.)</subfield></datafield><datafield ind1=" " ind2=" " tag="336"><subfield code="b">tdi</subfield><subfield code="2">rdacontent</subfield></datafield><datafield ind1=" " ind2=" " tag="337"><subfield code="b">v</subfield><subfield code="2">rdamedia</subfield></datafield><datafield ind1=" " ind2=" " tag="338"><subfield code="b">vd</subfield><subfield code="2">rdacarrier</subfield></datafield><datafield ind1=" " ind2=" " tag="385"><subfield code="a">Adultes</subfield><subfield code="2">rero</subfield></datafield><datafield ind1=" " ind2=" " tag="385"><subfield code="a">Dès 16 ans</subfield><subfield code="2">rero</subfield></datafield><datafield ind1=" " ind2=" " tag="500"><subfield code="a">Une prod. : Reposado - Mediapro, 2005</subfield></datafield><datafield ind1=" " ind2=" " tag="500"><subfield code="a">Format écran: 16:9 (1:1,85)</subfield></datafield><datafield ind1=" " ind2=" " tag="500"><subfield code="a">Langues: Espagnol, allemand. Sous-titres: Français, allemand</subfield></datafield><datafield ind1=" " ind2=" " tag="500"><subfield code="a">Durée du film : 108 min.</subfield></datafield><datafield ind1=" " ind2=" " tag="500"><subfield code="a">Der Spielfilm wurde 2005 in Farbe in Spanien produziert. - Sprachen: Deutsch, Spanisch. - Untertitel: Deutsch, Französisch. - Inkl. Bonus: Making of - Unveröffentlichte Szenen - Storyboard - Videoclip Manu Chao - Trailer - etc.</subfield></datafield><datafield ind1="0" ind2=" " tag="505"><subfield code="a">Bonus : Making of ; Scènes inédites ; Storyboard ; Clip vidéo de Manu Chao</subfield></datafield><datafield ind1=" " ind2=" " tag="508"><subfield code="a">Musik: Manu Chao</subfield></datafield><datafield ind1="0" ind2=" " tag="511"><subfield code="a">Candela Peña ; Micaela Nevárez ; Mariana Cordero</subfield></datafield><datafield ind1="8" ind2=" " tag="520"><subfield code="a">Le film raconte la vie de deux femmes, deux prostituées, Caye et Zulema, venues d'horizons différents. Caye, la Madrilène, rêve d'une opération esthétique et du prince charmant. Zulema, l'étrangère, vient de Saint-Domingue. Déracinée, sans papiers, victime du racisme des autres filles, elle a le mal du pays et de son jeune fils. Lorsqu'elles font connaissance, elles se trouvent sur des emplacements différents, des territoires presque ennemis. En Espagne, nombreuses sont les prostituées qui voient d'un mauvais œil l'arrivée d'étrangères qui, avec leur exotisme, leur volent leur espace et leurs clients. Caye et Zulema ne tardent pas à comprendre que, même à distance l'une de l'autre, elles marchent toutes les deux sur la même corde fragile. De leur complicité naît cette histoire.</subfield><subfield code="5">RERO/geumem/05.2007</subfield></datafield><datafield ind1="8" ind2=" " tag="520"><subfield code="a">Drame</subfield><subfield code="5">RERO/necfbv/02.2014/3544</subfield></datafield><datafield ind1="3" ind2=" " tag="520"><subfield code="a">Princesas erzählt von zwei Frauen in Madrid, zwei Huren, zwei Prinzessinnen. Caye ist knapp dreissig, mit frecher Ponyfrisur und eigenwilligem Charme, die Prinzessin von nebenan, erfahren im Umgang mit Freiern, mädchenhaft in ihren Träumen vom Glück, das kommen wird. Zulema kommt aus Lateinamerika, eine Prinzessin im Exil, die sich als Illegale in Madrid durchs Leben schlägt, um ihrem kleinen Sohn zuhause eine Zukunft zu geben. Als sich Caye und Zulema begegnen, stehen sie auf unterschiedlichen Seiten. Viele der spanischen Mädchen auf der Strasse sind nicht gut zu sprechen auf die exotische Konkurrenz durch die Immigrantinnen. Aber es sind die gleichen Dinge, von denen ihr Leben abhängt. Caye und Zulema werden Komplizinnen, Prinzessinnen auf der Suche nach ihrem Königreich.</subfield></datafield><datafield ind1=" " ind2=" " tag="538"><subfield code="a">Ländercode 2</subfield></datafield><datafield ind1=" " ind2=" " tag="690"><subfield code="a">Spanien</subfield><subfield code="x">Film</subfield><subfield code="x">2000-2010</subfield><subfield code="2">nebis-E4</subfield></datafield><datafield ind1=" " ind2=" " tag="690"><subfield code="a">Frau</subfield><subfield code="x">Filmthema</subfield><subfield code="2">nebis-E4</subfield></datafield><datafield ind1=" " ind2=" " tag="690"><subfield code="a">Prostitutierte</subfield><subfield code="x">Filmthema</subfield><subfield code="2">nebis-E4</subfield></datafield><datafield ind1=" " ind2=" " tag="690"><subfield code="a">Alltag</subfield><subfield code="x">Filmthema</subfield><subfield code="2">nebis-E4</subfield></datafield><datafield ind1=" " ind2=" " tag="690"><subfield code="a">Freundschaft</subfield><subfield code="x">Filmthema</subfield><subfield code="2">nebis-E4</subfield></datafield><datafield ind1=" " ind2=" " tag="690"><subfield code="a">Milieu</subfield><subfield code="x">Filmthema</subfield><subfield code="2">nebis-E4</subfield></datafield><datafield ind1=" " ind2=" " tag="690"><subfield code="a">León, Fernando</subfield><subfield code="d">1968-</subfield><subfield code="2">nebis-E5</subfield></datafield><datafield ind1=" " ind2="7" tag="655"><subfield code="a">DVD</subfield><subfield code="0">(IDREF)035108444</subfield><subfield code="2">idref</subfield></datafield><datafield ind1=" " ind2="7" tag="655"><subfield code="a">Films de fiction</subfield><subfield code="0">(IDREF)14779644X</subfield><subfield code="2">idref</subfield></datafield><datafield ind1="1" ind2=" " tag="700"><subfield code="a">León de Aranoa, Fernando</subfield><subfield code="d">1968-....</subfield><subfield code="0">(IDREF)077442830</subfield></datafield><datafield ind1="1" ind2=" " tag="700"><subfield code="a">Aranoa, Fernando León de</subfield><subfield code="c">Filmregisseur</subfield><subfield code="d">1968-</subfield></datafield><datafield ind1="1" ind2=" " tag="700"><subfield code="a">León, Fernando</subfield><subfield code="d">1968-</subfield><subfield code="0">(DE-588)124704271</subfield></datafield><datafield ind1="1" ind2=" " tag="700"><subfield code="a">Chao, Manu</subfield><subfield code="d">1961-....</subfield><subfield code="0">(IDREF)083488227</subfield></datafield><datafield ind1="1" ind2=" " tag="700"><subfield code="a">Peña, Candela</subfield><subfield code="d">1973-</subfield><subfield code="0">(DE-588)130223816</subfield></datafield><datafield ind1="1" ind2=" " tag="700"><subfield code="a">Nevárez, Micaela</subfield></datafield><datafield ind1="1" ind2=" " tag="700"><subfield code="a">Cordero, Mariana</subfield></datafield></record>
</metadata></record>