<record><header><identifier>oai:alma.41SLSP_UGE:991000040009705502</identifier><datestamp>2023-05-27T00:13:45Z</datestamp><setSpec>uge_bcen_RapidILL_BOOK</setSpec><setSpec>uge_aaca_RapidILL_BOOK</setSpec><setSpec>uge_abels_RapidILL_BOOK</setSpec><setSpec>uge_dbu_RapidILL_BOOK</setSpec><setSpec>uge_cmu_RapidILL_BOOK</setSpec><setSpec>uge_mail_RapidILL_BOOK</setSpec><setSpec>uge_abbat_RapidILL_BOOK</setSpec><setSpec>UNIGE_ALL</setSpec><setSpec>uge_aobs_RapidILL_BOOK</setSpec><setSpec>uge_acar_RapidILL_BOOK</setSpec></header><metadata>
<record xmlns="http://www.loc.gov/MARC21/slim" xmlns:xsi="http://www.w3.org/2001/XMLSchema-instance" xsi:schemaLocation="http://www.loc.gov/MARC21/slim http://www.loc.gov/standards/marcxml/schema/MARC21slim.xsd"><leader>01470nam a22004212c 4500</leader><controlfield tag="001">991000040009705502</controlfield><controlfield tag="005">20201231120453.0</controlfield><controlfield tag="008">201012s1978    po       |||| 000 0 por|d</controlfield><datafield ind1=" " ind2=" " tag="019"><subfield code="a">CcMedea</subfield><subfield code="5">SBT/26.11.2003/sz</subfield></datafield><datafield ind1=" " ind2=" " tag="035"><subfield code="a">(swissbib)237955806-41slsp_network</subfield></datafield><datafield ind1=" " ind2=" " tag="035"><subfield code="a">237955806</subfield><subfield code="9">ExL</subfield></datafield><datafield ind1=" " ind2=" " tag="035"><subfield code="a">(NEBIS)003226959EBI01</subfield></datafield><datafield ind1=" " ind2=" " tag="035"><subfield code="a">(SBT)000287145SBT01</subfield></datafield><datafield ind1=" " ind2=" " tag="035"><subfield code="a">(RERO)R008934364-41slsp</subfield></datafield><datafield ind1=" " ind2=" " tag="035"><subfield code="a">(OCoLC)611689223</subfield></datafield><datafield ind1=" " ind2=" " tag="035"><subfield code="a">(EXLNZ-41SLSP_NETWORK)991145776829705501</subfield></datafield><datafield ind1=" " ind2=" " tag="040"><subfield code="a">SzZUIDS</subfield><subfield code="d">CH-ZuSLS</subfield></datafield><datafield ind1=" " ind2="7" tag="072"><subfield code="a">es</subfield><subfield code="2">rero</subfield></datafield><datafield ind1="0" ind2="0" tag="245"><subfield code="a">Cantares dos trovadores galego-portugueses</subfield><subfield code="c">sel., introd., notas e adapt. de Natália Correia</subfield></datafield><datafield ind1=" " ind2=" " tag="250"><subfield code="a">2.a ed.</subfield></datafield><datafield ind1=" " ind2="1" tag="264"><subfield code="a">Lisboa</subfield><subfield code="b">Estampa</subfield><subfield code="c">1978</subfield></datafield><datafield ind1=" " ind2=" " tag="300"><subfield code="a">295 p.</subfield><subfield code="c">18 cm</subfield></datafield><datafield ind1=" " ind2=" " tag="336"><subfield code="b">txt</subfield><subfield code="2">rdacontent</subfield></datafield><datafield ind1=" " ind2=" " tag="337"><subfield code="b">n</subfield><subfield code="2">rdamedia</subfield></datafield><datafield ind1=" " ind2=" " tag="338"><subfield code="b">nc</subfield><subfield code="2">rdacarrier</subfield></datafield><datafield ind1="1" ind2=" " tag="490"><subfield code="a">Clássicos de bolso</subfield><subfield code="v">7/8</subfield></datafield><datafield ind1=" " ind2="7" tag="650"><subfield code="a">Minnesang</subfield><subfield code="0">(DE-588)4039501-7</subfield><subfield code="2">gnd</subfield></datafield><datafield ind1=" " ind2="7" tag="650"><subfield code="a">Mittelalter</subfield><subfield code="0">(DE-588)4129108-6</subfield><subfield code="2">gnd</subfield></datafield><datafield ind1=" " ind2="7" tag="650"><subfield code="a">Galicisch-Portugiesisch</subfield><subfield code="0">(DE-588)4134920-9</subfield><subfield code="2">gnd</subfield></datafield><datafield ind1=" " ind2="7" tag="651"><subfield code="a">Portugal</subfield><subfield code="0">(DE-588)4046843-4</subfield><subfield code="2">gnd</subfield></datafield><datafield ind1=" " ind2="7" tag="655"><subfield code="a">Anthologie</subfield><subfield code="2">gnd-content</subfield></datafield><datafield ind1=" " ind2=" " tag="690"><subfield code="a">Portugiesische Lyrik / Ausgaben / Anthologien, Sammelwerke</subfield><subfield code="2">uzb-Z9</subfield></datafield><datafield ind1=" " ind2=" " tag="691"><subfield code="e">869.11</subfield><subfield code="a">Poesia portoghese, origini-1499</subfield><subfield code="2">usi-TE</subfield></datafield><datafield ind1="1" ind2=" " tag="700"><subfield code="a">Correia, Natália</subfield><subfield code="d">1923-1993</subfield><subfield code="0">(DE-588)129870765</subfield></datafield><datafield ind1=" " ind2=" " tag="830"><subfield code="a">Clássicos de bolso</subfield><subfield code="v">7/8</subfield><subfield code="w">(NEBIS)006324939EBI01</subfield></datafield><datafield ind1=" " ind2=" " tag="900"><subfield code="a">IDSZRMedeaZBZ</subfield><subfield code="c">IDSZRmurd</subfield></datafield><datafield ind1=" " ind2=" " tag="900"><subfield code="f">IDSU2medea</subfield></datafield><datafield ind1=" " ind2=" " tag="900"><subfield code="a">IDST9ccmedea</subfield></datafield><datafield ind1=" " ind2=" " tag="900"><subfield code="a">REROnoselfmerge</subfield></datafield><datafield ind1=" " ind2=" " tag="993"><subfield code="a">BFLA 289224</subfield><subfield code="x">ge/ulpo/d/19/CEL</subfield><subfield code="9">LOCAL</subfield></datafield></record>
</metadata></record>