<record><header><identifier>oai:alma.41SLSP_UGE:991000041049705502</identifier><datestamp>2023-03-01T01:09:23Z</datestamp><setSpec>uge_bcen_RapidILL_BOOK</setSpec><setSpec>uge_aaca_RapidILL_BOOK</setSpec><setSpec>uge_abels_RapidILL_BOOK</setSpec><setSpec>uge_dbu_RapidILL_BOOK</setSpec><setSpec>uge_cmu_RapidILL_BOOK</setSpec><setSpec>uge_mail_RapidILL_BOOK</setSpec><setSpec>UNIGE_ALL</setSpec><setSpec>uge_abbat_RapidILL_BOOK</setSpec><setSpec>uge_aobs_RapidILL_BOOK</setSpec><setSpec>uge_acar_RapidILL_BOOK</setSpec></header><metadata>
<record xmlns="http://www.loc.gov/MARC21/slim" xmlns:xsi="http://www.w3.org/2001/XMLSchema-instance" xsi:schemaLocation="http://www.loc.gov/MARC21/slim http://www.loc.gov/standards/marcxml/schema/MARC21slim.xsd"><leader>01124nam a2200313 c 4500</leader><controlfield tag="001">991000041049705502</controlfield><controlfield tag="005">20210206193648.0</controlfield><controlfield tag="008">160217s2015    fr ||||| |||| 00| ||fre d</controlfield><datafield ind1=" " ind2=" " tag="020"><subfield code="a">9782294731891</subfield></datafield><datafield ind1="7" ind2=" " tag="024"><subfield code="a">http://catalogue.bnf.fr/ark:/12148/cb444704306</subfield><subfield code="2">uri</subfield></datafield><datafield ind1=" " ind2=" " tag="035"><subfield code="a">(swissbib)122623916-41slsp_network</subfield></datafield><datafield ind1=" " ind2=" " tag="035"><subfield code="a">122623916</subfield><subfield code="9">ExL</subfield></datafield><datafield ind1=" " ind2=" " tag="035"><subfield code="a">(RERO)R008367670-41slsp</subfield></datafield><datafield ind1=" " ind2=" " tag="035"><subfield code="a">(EXLNZ-41SLSP_NETWORK)991024476759705501</subfield></datafield><datafield ind1=" " ind2=" " tag="040"><subfield code="a">RERO geucmu</subfield><subfield code="d">CH-ZuSLS</subfield></datafield><datafield ind1=" " ind2="7" tag="072"><subfield code="a">me</subfield><subfield code="2">rero</subfield></datafield><datafield ind1="0" ind2="0" tag="245"><subfield code="a">Manuel pratique d'anesthésie</subfield><subfield code="c">Eric Albrecht ... [et al.] ; avec la collab. de M. Baeriswyl ... [et al.]</subfield></datafield><datafield ind1=" " ind2=" " tag="250"><subfield code="a">3e éd.</subfield></datafield><datafield ind1=" " ind2="1" tag="264"><subfield code="a">Issy-les-Moulineaux</subfield><subfield code="b">Elsevier Masson</subfield><subfield code="c">2015</subfield></datafield><datafield ind1=" " ind2=" " tag="300"><subfield code="a">834 p.</subfield><subfield code="b">ill.</subfield></datafield><datafield ind1=" " ind2=" " tag="336"><subfield code="b">txt</subfield><subfield code="2">rdacontent</subfield></datafield><datafield ind1=" " ind2=" " tag="337"><subfield code="b">n</subfield><subfield code="2">rdamedia</subfield></datafield><datafield ind1=" " ind2=" " tag="338"><subfield code="b">nc</subfield><subfield code="2">rdacarrier</subfield></datafield><datafield ind1="0" ind2=" " tag="505"><subfield code="a">[Contents] I: Aspects fondamentaux. - II: Pharmacologie clinique. - III: Anesthésie pratique. - IV: Spécialités. - V: Sciences paracliniques</subfield></datafield><datafield ind1=" " ind2=" " tag="530"><subfield code="a">Existe aussi en version électronique</subfield></datafield><datafield ind1=" " ind2="2" tag="650"><subfield code="a">Anesthesia</subfield></datafield><datafield ind1=" " ind2="2" tag="650"><subfield code="a">Anesthesiology</subfield></datafield><datafield ind1=" " ind2="2" tag="655"><subfield code="a">Handbook</subfield></datafield><datafield ind1="1" ind2=" " tag="700"><subfield code="a">Albrecht, Éric</subfield><subfield code="0">(IDREF)110205871</subfield></datafield><datafield ind1=" " ind2=" " tag="900"><subfield code="a">REROnoselfmerge</subfield></datafield></record>
</metadata></record>