<record><header><identifier>oai:alma.41SLSP_UGE:991000040339705502</identifier><datestamp>2023-03-01T01:09:23Z</datestamp><setSpec>uge_bcen_RapidILL_BOOK</setSpec><setSpec>uge_aaca_RapidILL_BOOK</setSpec><setSpec>uge_abels_RapidILL_BOOK</setSpec><setSpec>uge_dbu_RapidILL_BOOK</setSpec><setSpec>uge_cmu_RapidILL_BOOK</setSpec><setSpec>uge_mail_RapidILL_BOOK</setSpec><setSpec>UNIGE_ALL</setSpec><setSpec>uge_abbat_RapidILL_BOOK</setSpec><setSpec>uge_aobs_RapidILL_BOOK</setSpec><setSpec>uge_acar_RapidILL_BOOK</setSpec></header><metadata>
<record xmlns="http://www.loc.gov/MARC21/slim" xmlns:xsi="http://www.w3.org/2001/XMLSchema-instance" xsi:schemaLocation="http://www.loc.gov/MARC21/slim http://www.loc.gov/standards/marcxml/schema/MARC21slim.xsd"><leader>01002nam a2200265 c 4500</leader><controlfield tag="001">991000040339705502</controlfield><controlfield tag="005">20201126033536.0</controlfield><controlfield tag="008">041208s2004    xxk||||| |||| 00| ||eng d</controlfield><datafield ind1=" " ind2=" " tag="020"><subfield code="a">0112905838</subfield></datafield><datafield ind1=" " ind2=" " tag="035"><subfield code="a">(swissbib)101341822-41slsp_network</subfield></datafield><datafield ind1=" " ind2=" " tag="035"><subfield code="a">101341822</subfield><subfield code="9">ExL</subfield></datafield><datafield ind1=" " ind2=" " tag="035"><subfield code="a">(RERO)R003754192-41slsp</subfield></datafield><datafield ind1=" " ind2=" " tag="035"><subfield code="a">(EXLNZ-41SLSP_NETWORK)991139048889705501</subfield></datafield><datafield ind1=" " ind2=" " tag="040"><subfield code="a">RERO gehei-</subfield><subfield code="d">CH-ZuSLS</subfield></datafield><datafield ind1=" " ind2="7" tag="072"><subfield code="a">ht</subfield><subfield code="2">rero</subfield></datafield><datafield ind1="0" ind2="0" tag="245"><subfield code="a">East of Suez and the Commonwealth</subfield><subfield code="b">1964-1971</subfield><subfield code="c">ed. S.R. Ashton and Wm Roger Louis.</subfield><subfield code="n">Part 2</subfield><subfield code="p">Europe, Rhodesia, Commonwealth</subfield></datafield><datafield ind1=" " ind2="1" tag="264"><subfield code="a">London</subfield><subfield code="b">The Stationery Office</subfield><subfield code="c">2004</subfield></datafield><datafield ind1=" " ind2=" " tag="300"><subfield code="a">XXXII, 481 p.</subfield><subfield code="b">ill.</subfield><subfield code="c">26 cm</subfield></datafield><datafield ind1=" " ind2=" " tag="336"><subfield code="b">txt</subfield><subfield code="2">rdacontent</subfield></datafield><datafield ind1=" " ind2=" " tag="337"><subfield code="b">n</subfield><subfield code="2">rdamedia</subfield></datafield><datafield ind1=" " ind2=" " tag="338"><subfield code="b">nc</subfield><subfield code="2">rdacarrier</subfield></datafield><datafield ind1="1" ind2=" " tag="490"><subfield code="a">British documents on the end of empire. Series A</subfield><subfield code="v">vol. 5, part 2</subfield></datafield><datafield ind1="1" ind2=" " tag="700"><subfield code="a">Ashton, Stephen R</subfield><subfield code="0">(RERO)A002942627</subfield></datafield><datafield ind1=" " ind2=" " tag="830"><subfield code="a">East of Suez and the Commonwealth</subfield><subfield code="v">2</subfield><subfield code="w">(RERO)R003753518-41slsp</subfield></datafield><datafield ind1=" " ind2=" " tag="830"><subfield code="a">British documents on the end of empire</subfield><subfield code="v">A,5,2</subfield><subfield code="w">(RERO)1658109-41slsp</subfield></datafield><datafield ind1=" " ind2=" " tag="900"><subfield code="a">REROnoselfmerge</subfield></datafield></record>
</metadata></record>