<record><header><identifier>oai:alma.41SLSP_UGE:991000040539705502</identifier><datestamp>2023-04-11T00:12:02Z</datestamp><setSpec>uge_bcen_RapidILL_BOOK</setSpec><setSpec>uge_aaca_RapidILL_BOOK</setSpec><setSpec>uge_abels_RapidILL_BOOK</setSpec><setSpec>uge_dbu_RapidILL_BOOK</setSpec><setSpec>uge_cmu_RapidILL_BOOK</setSpec><setSpec>uge_mail_RapidILL_BOOK</setSpec><setSpec>uge_abbat_RapidILL_BOOK</setSpec><setSpec>UNIGE_ALL</setSpec><setSpec>uge_aobs_RapidILL_BOOK</setSpec><setSpec>uge_acar_RapidILL_BOOK</setSpec></header><metadata>
<record xmlns="http://www.loc.gov/MARC21/slim" xmlns:xsi="http://www.w3.org/2001/XMLSchema-instance" xsi:schemaLocation="http://www.loc.gov/MARC21/slim http://www.loc.gov/standards/marcxml/schema/MARC21slim.xsd"><leader>02027nam a2200397 c 4500</leader><controlfield tag="001">991000040539705502</controlfield><controlfield tag="005">20230410144004.0</controlfield><controlfield tag="008">180220s2017    fr ||||| |||| 00| ||fre d</controlfield><datafield ind1=" " ind2=" " tag="020"><subfield code="a">2100767674</subfield></datafield><datafield ind1=" " ind2=" " tag="020"><subfield code="a">9782100767670</subfield></datafield><datafield ind1=" " ind2=" " tag="035"><subfield code="a">(swissbib)124578500-41slsp_network</subfield></datafield><datafield ind1=" " ind2=" " tag="035"><subfield code="a">124578500</subfield><subfield code="9">ExL</subfield></datafield><datafield ind1=" " ind2=" " tag="035"><subfield code="a">(RERO)R008767376-41slsp</subfield></datafield><datafield ind1=" " ind2=" " tag="035"><subfield code="a">(EXLNZ-41SLSP_NETWORK)991027164599705501</subfield></datafield><datafield ind1=" " ind2=" " tag="040"><subfield code="a">ZWZ</subfield><subfield code="b">fre</subfield><subfield code="e">ncafnor</subfield><subfield code="d">CH-ZuSLS</subfield></datafield><datafield ind1=" " ind2="7" tag="072"><subfield code="a">ma</subfield><subfield code="2">rero</subfield></datafield><datafield ind1="0" ind2="4" tag="082"><subfield code="a">516</subfield></datafield><datafield ind1=" " ind2=" " tag="084"><subfield code="a">27</subfield><subfield code="2">msc</subfield></datafield><datafield ind1="1" ind2=" " tag="100"><subfield code="a">Ramis, Edmond</subfield><subfield code="d">1918-1996</subfield><subfield code="0">(IDREF)02861903X</subfield><subfield code="4">cre</subfield></datafield><datafield ind1="1" ind2="0" tag="245"><subfield code="a">Cours de mathématiques</subfield><subfield code="n">5</subfield><subfield code="p">Applications de l'analyse à la géométrie</subfield><subfield code="c">Edmond Ramis, Claude Deschamps, Jacques Odoux</subfield></datafield><datafield ind1="1" ind2=" " tag="246"><subfield code="a">Applications de l'analyse à la géométrie</subfield></datafield><datafield ind1=" " ind2="1" tag="264"><subfield code="a">Paris</subfield><subfield code="b">Dunod</subfield><subfield code="c">2017</subfield></datafield><datafield ind1=" " ind2=" " tag="300"><subfield code="a">315 p.</subfield><subfield code="b">ill.</subfield></datafield><datafield ind1=" " ind2=" " tag="336"><subfield code="b">txt</subfield><subfield code="2">rdacontent</subfield></datafield><datafield ind1=" " ind2=" " tag="337"><subfield code="b">n</subfield><subfield code="2">rdamedia</subfield></datafield><datafield ind1=" " ind2=" " tag="338"><subfield code="b">nc</subfield><subfield code="2">rdacarrier</subfield></datafield><datafield ind1=" " ind2=" " tag="504"><subfield code="a">Index</subfield></datafield><datafield ind1="8" ind2=" " tag="520"><subfield code="a">La 4e de couv. indique : &quot;Les volumes de la série Ramis constituent des ouvrages de référence qui serviront aux étudiants tout au long de leurs études et auxquels ils pourront se reporter par la suite. Ils exposent, en algèbre, en analyse et en géométrie, les notions fondamentales dont tout scientifique a besoin et proposent de nombreux exercices. Le volume 5 clôt la série en appliquant les résultats des volumes 3 et 4 à l'étude des courbes et des surfaces. On y développe les propriétés métriques des courbes et des surfaces et les formules fondamentales de l'analyse vectorielle : Green-Riemann, Stokes et Ostrogradski.&quot;</subfield></datafield><datafield ind1=" " ind2="7" tag="650"><subfield code="a">Analyse vectorielle</subfield><subfield code="0">(IDREF)027672344</subfield><subfield code="2">idref</subfield></datafield><datafield ind1=" " ind2="7" tag="650"><subfield code="a">Courbes</subfield><subfield code="0">(IDREF)027355675</subfield><subfield code="2">idref</subfield></datafield><datafield ind1=" " ind2="7" tag="650"><subfield code="a">Géométrie analytique</subfield><subfield code="0">(IDREF)02731541X</subfield><subfield code="2">idref</subfield></datafield><datafield ind1=" " ind2="7" tag="650"><subfield code="a">Surfaces (mathématiques)</subfield><subfield code="0">(IDREF)027586510</subfield><subfield code="2">idref</subfield></datafield><datafield ind1=" " ind2="7" tag="655"><subfield code="a">Manuels d'enseignement supérieur</subfield><subfield code="0">(IDREF)03020934X</subfield><subfield code="2">idref</subfield></datafield><datafield ind1="1" ind2=" " tag="700"><subfield code="a">Deschamps, Claude</subfield><subfield code="0">(RERO)A003171794</subfield></datafield><datafield ind1="1" ind2=" " tag="700"><subfield code="a">Odoux, Jacques</subfield><subfield code="0">(IDREF)028619005</subfield></datafield><datafield ind1=" " ind2=" " tag="900"><subfield code="a">REROnoselfmerge</subfield></datafield><datafield ind1=" " ind2=" " tag="910"><subfield code="a">OCoLC</subfield><subfield code="b">20180220</subfield><subfield code="c">Droits réservés</subfield></datafield></record>
</metadata></record>