<record><header><identifier>oai:alma.41SLSP_UGE:991000040559705502</identifier><datestamp>2023-04-28T00:12:19Z</datestamp><setSpec>uge_cmu_RapidILL_JOURNAL</setSpec><setSpec>uge_aobs_RapidILL_JOURNAL</setSpec><setSpec>uge_aaca_RapidILL_JOURNAL</setSpec><setSpec>uge_abbat_RapidILL_JOURNAL</setSpec><setSpec>uge_bcen_RapidILL_JOURNAL</setSpec><setSpec>uge_dbu_RapidILL_JOURNAL</setSpec><setSpec>uge_mail_RapidILL_JOURNAL</setSpec><setSpec>uge_abels_RapidILL_JOURNAL</setSpec><setSpec>UNIGE_ALL</setSpec><setSpec>uge_acar_RapidILL_JOURNAL</setSpec></header><metadata>
<record xmlns="http://www.loc.gov/MARC21/slim" xmlns:xsi="http://www.w3.org/2001/XMLSchema-instance" xsi:schemaLocation="http://www.loc.gov/MARC21/slim http://www.loc.gov/standards/marcxml/schema/MARC21slim.xsd"><leader>03375nas a2200469 c 4500</leader><controlfield tag="001">991000040559705502</controlfield><controlfield tag="005">20230227212349.0</controlfield><controlfield tag="008">001115c19749999fr || p|  ||| 0    0rus d</controlfield><datafield ind1=" " ind2=" " tag="022"><subfield code="a">0767-7294</subfield></datafield><datafield ind1=" " ind2=" " tag="035"><subfield code="a">(swissbib)080314716-41slsp_network</subfield></datafield><datafield ind1=" " ind2=" " tag="035"><subfield code="a">080314716</subfield><subfield code="9">ExL</subfield></datafield><datafield ind1=" " ind2=" " tag="035"><subfield code="a">(RERO)0645251-41slsp</subfield></datafield><datafield ind1=" " ind2=" " tag="035"><subfield code="a">(EXLNZ-41SLSP_NETWORK)991079573699705501</subfield></datafield><datafield ind1=" " ind2=" " tag="040"><subfield code="a">RERO frbcuc</subfield><subfield code="d">CH-ZuSLS</subfield></datafield><datafield ind1=" " ind2="7" tag="072"><subfield code="a">th</subfield><subfield code="2">rero</subfield></datafield><datafield ind1="0" ind2="0" tag="245"><subfield code="6">880-01</subfield><subfield code="a">Vestnik Russkogo Khristianskogo Dvizhenii︠a︡</subfield><subfield code="b">= Le messager</subfield><subfield code="c">périodique éd. par l'Action chrétienne des étudiants russes</subfield></datafield><datafield ind1="0" ind2="0" tag="880"><subfield code="6">245-01/(N</subfield><subfield code="a">Вестник Русского Христианского Движения</subfield><subfield code="b">= Le messager</subfield><subfield code="c">périodique éd. par l'Action chrétienne des étudiants russes</subfield></datafield><datafield ind1="1" ind2=" " tag="246"><subfield code="a">Vestnik Russkogo Christianskogo Dviženija = Le messager / périodique éd. par l'Action chrétienne des étudiants russes</subfield></datafield><datafield ind1=" " ind2="1" tag="264"><subfield code="6">880-02</subfield><subfield code="a">Pariž</subfield><subfield code="a">N'ju Jork</subfield><subfield code="b">Action chrétienne des étudiants russes</subfield></datafield><datafield ind1=" " ind2="1" tag="880"><subfield code="6">264-02/(N</subfield><subfield code="a">Париж</subfield><subfield code="a">Нью Йорк</subfield><subfield code="b">Action chrétienne des étudiants russes</subfield></datafield><datafield ind1=" " ind2=" " tag="300"><subfield code="c">21 cm</subfield></datafield><datafield ind1=" " ind2=" " tag="310"><subfield code="a">Trimestriel</subfield></datafield><datafield ind1=" " ind2=" " tag="336"><subfield code="b">txt</subfield><subfield code="2">rdacontent</subfield></datafield><datafield ind1=" " ind2=" " tag="337"><subfield code="b">n</subfield><subfield code="2">rdamedia</subfield></datafield><datafield ind1=" " ind2=" " tag="338"><subfield code="b">nc</subfield><subfield code="2">rdacarrier</subfield></datafield><datafield ind1="0" ind2=" " tag="362"><subfield code="a">112/113(1974)-&gt;</subfield></datafield><datafield ind1=" " ind2=" " tag="580"><subfield code="6">880-03</subfield><subfield code="a">Fait suite à: Vestnik Russkogo Studenčeskogo Christianskogo Dviženija</subfield></datafield><datafield ind1=" " ind2=" " tag="880"><subfield code="6">580-03/(N</subfield><subfield code="a">Fait suite à: Вестник Русского Студенческого Христианского Движения</subfield></datafield><datafield ind1="2" ind2="7" tag="610"><subfield code="a">Russkaâ pravoslavnaâ cerkovʹ</subfield><subfield code="0">(IDREF)027257185</subfield><subfield code="2">idref</subfield></datafield><datafield ind1=" " ind2="7" tag="650"><subfield code="a">Christianisme</subfield><subfield code="0">(IDREF)027229955</subfield><subfield code="2">idref</subfield></datafield><datafield ind1=" " ind2="7" tag="650"><subfield code="a">Littérature russe</subfield><subfield code="0">(IDREF)027275752</subfield><subfield code="2">idref</subfield></datafield><datafield ind1=" " ind2="7" tag="650"><subfield code="a">émigration russe</subfield><subfield code="0">(RERO)A009962072</subfield><subfield code="2">rerovoc</subfield></datafield><datafield ind1=" " ind2="7" tag="650"><subfield code="a">Problèmes sociaux</subfield><subfield code="0">(IDREF)050614428</subfield><subfield code="2">idref</subfield></datafield><datafield ind1=" " ind2="7" tag="650"><subfield code="a">Vie religieuse</subfield><subfield code="0">(IDREF)027612708</subfield><subfield code="2">idref</subfield></datafield><datafield ind1=" " ind2="7" tag="650"><subfield code="a">Théologie orthodoxe</subfield><subfield code="0">(RERO)A027725748</subfield><subfield code="2">rero</subfield></datafield><datafield ind1=" " ind2="7" tag="651"><subfield code="a">URSS</subfield><subfield code="0">(IDREF)027332519</subfield><subfield code="2">idref</subfield></datafield><datafield ind1=" " ind2="7" tag="651"><subfield code="a">Russie</subfield><subfield code="0">(IDREF)027342395</subfield><subfield code="2">idref</subfield></datafield><datafield ind1=" " ind2="7" tag="655"><subfield code="a">Périodiques</subfield><subfield code="0">(IDREF)02724640X</subfield><subfield code="2">idref</subfield></datafield><datafield ind1="2" ind2=" " tag="710"><subfield code="a">Action chrétienne des étudiants russes-Mouvement de jeunesse orthodoxe</subfield><subfield code="g">Paris</subfield><subfield code="0">(IDREF)02976145X</subfield></datafield><datafield ind1="0" ind2=" " tag="730"><subfield code="a">&lt;&lt;Le&gt;&gt; messager</subfield><subfield code="p">Action chrétienne des étudiants russes</subfield></datafield><datafield ind1="0" ind2="0" tag="780"><subfield code="6">880-04</subfield><subfield code="t">Vestnik Russkogo Studencheskogo Khristianskogo Dvizhenii︠a︡ = Le messager</subfield><subfield code="w">(RERO)1335259-41slsp</subfield></datafield><datafield ind1="0" ind2="0" tag="880"><subfield code="6">780-04/(N</subfield><subfield code="t">Вестник Русского Студенческого Христианского Движения = Le messager</subfield></datafield><datafield ind1=" " ind2=" " tag="900"><subfield code="a">REROnoselfmerge</subfield></datafield></record>
</metadata></record>