<record><header><identifier>oai:alma.41SLSP_UGE:991000040249705502</identifier><datestamp>2023-04-24T00:11:36Z</datestamp><setSpec>uge_bcen_RapidILL_BOOK</setSpec><setSpec>uge_aaca_RapidILL_BOOK</setSpec><setSpec>uge_abels_RapidILL_BOOK</setSpec><setSpec>uge_dbu_RapidILL_BOOK</setSpec><setSpec>uge_cmu_RapidILL_BOOK</setSpec><setSpec>uge_mail_RapidILL_BOOK</setSpec><setSpec>uge_abbat_RapidILL_BOOK</setSpec><setSpec>UNIGE_ALL</setSpec><setSpec>uge_aobs_RapidILL_BOOK</setSpec><setSpec>uge_acar_RapidILL_BOOK</setSpec></header><metadata>
<record xmlns="http://www.loc.gov/MARC21/slim" xmlns:xsi="http://www.w3.org/2001/XMLSchema-instance" xsi:schemaLocation="http://www.loc.gov/MARC21/slim http://www.loc.gov/standards/marcxml/schema/MARC21slim.xsd"><leader>04114nam a2200769 c 4500</leader><controlfield tag="001">991000040249705502</controlfield><controlfield tag="005">20230422203827.0</controlfield><controlfield tag="008">201012s2020    nyu      b||| 001 0 eng| </controlfield><datafield ind1=" " ind2=" " tag="010"><subfield code="a">2019036162</subfield></datafield><datafield ind1=" " ind2=" " tag="020"><subfield code="a">9780190253752</subfield><subfield code="q">hardback</subfield></datafield><datafield ind1=" " ind2=" " tag="020"><subfield code="a">0190253754</subfield></datafield><datafield ind1=" " ind2=" " tag="035"><subfield code="a">(swissbib)237882485-41slsp_network</subfield></datafield><datafield ind1=" " ind2=" " tag="035"><subfield code="a">237882485</subfield><subfield code="9">ExL</subfield></datafield><datafield ind1=" " ind2=" " tag="035"><subfield code="a">(NEBIS)011608873EBI01</subfield></datafield><datafield ind1=" " ind2=" " tag="035"><subfield code="a">(RERO)R009033318-41slsp</subfield></datafield><datafield ind1=" " ind2=" " tag="035"><subfield code="a">(IDSBB)007168101DSV01</subfield></datafield><datafield ind1=" " ind2=" " tag="035"><subfield code="a">(OCoLC)1131866754</subfield></datafield><datafield ind1=" " ind2=" " tag="035"><subfield code="a">(EXLNZ-41SLSP_NETWORK)991127863929705501</subfield></datafield><datafield ind1=" " ind2=" " tag="040"><subfield code="a">DLC</subfield><subfield code="b">ger</subfield><subfield code="e">rda</subfield><subfield code="d">CH-ZuSLS</subfield></datafield><datafield ind1=" " ind2=" " tag="042"><subfield code="a">pcc</subfield></datafield><datafield ind1="0" ind2="0" tag="050"><subfield code="a">JA71</subfield><subfield code="b">.O936 2019</subfield></datafield><datafield ind1="0" ind2="0" tag="082"><subfield code="a">320.01/1</subfield><subfield code="2">23</subfield></datafield><datafield ind1="1" ind2="4" tag="082"><subfield code="a">320</subfield><subfield code="2">15</subfield></datafield><datafield ind1="7" ind2="4" tag="082"><subfield code="a">320</subfield><subfield code="2">23sdnb</subfield></datafield><datafield ind1=" " ind2=" " tag="084"><subfield code="a">ME 1000</subfield><subfield code="2">rvk</subfield></datafield><datafield ind1="0" ind2="0" tag="245"><subfield code="a">&lt;&lt;The&gt;&gt; Oxford handbook of comparative political theory</subfield><subfield code="c">edited by Leigh K. Jenco, Murad Idris, and Megan C. Thomas</subfield></datafield><datafield ind1="1" ind2="0" tag="246"><subfield code="a">Handbook of comparative political theory</subfield></datafield><datafield ind1="1" ind2="0" tag="246"><subfield code="a">Comparative political theory</subfield></datafield><datafield ind1=" " ind2="1" tag="264"><subfield code="a">New York</subfield><subfield code="b">Oxford University Press</subfield><subfield code="c">[2020]</subfield></datafield><datafield ind1=" " ind2="4" tag="264"><subfield code="c">© 2020</subfield></datafield><datafield ind1=" " ind2=" " tag="300"><subfield code="a">xiii, 757 Seiten</subfield></datafield><datafield ind1=" " ind2=" " tag="336"><subfield code="b">txt</subfield><subfield code="2">rdacontent</subfield></datafield><datafield ind1=" " ind2=" " tag="337"><subfield code="b">n</subfield><subfield code="2">rdamedia</subfield></datafield><datafield ind1=" " ind2=" " tag="338"><subfield code="b">nc</subfield><subfield code="2">rdacarrier</subfield></datafield><datafield ind1="0" ind2=" " tag="490"><subfield code="a">Oxford handbooks</subfield></datafield><datafield ind1=" " ind2=" " tag="504"><subfield code="a">Includes bibliographical references and index</subfield></datafield><datafield ind1=" " ind2=" " tag="520"><subfield code="a">&quot;The Oxford Handbook of Comparative Political Theory provides an entry point into this burgeoning field by both synthesizing and challenging the terms that motivate it. The handbook demonstrates how mainstream political theory can and must be enriched through attention to genuinely global, rather than parochially Euro-American, contributions to political thinking. Entries emphasize exploration of substantive questions about political life-ranging from domination to political economy to the politics of knowledge-in a range of global contexts, with attention to whether and how those questions may be shared, contested, or reformulated across differences of time, space, and experience. They connect comparative political theory to cognate disciplines including postcolonial theory, area studies, and comparative politics. Creative organizational tools such as tags and keywords aid in navigation of the handbook to help readers trace disruptions, thematic connections, contrasts, and geographic affinities across entries&quot;--</subfield><subfield code="c">Provided by publisher</subfield></datafield><datafield ind1="_" ind2="7" tag="655"><subfield code="a">Manuels de l'enseignant</subfield><subfield code="0">(IDREF)234777338</subfield><subfield code="2">idref</subfield></datafield><datafield ind1="_" ind2="7" tag="650"><subfield code="a">Idées politiques</subfield><subfield code="0">(IDREF)027261891</subfield><subfield code="2">idref</subfield></datafield><datafield ind1=" " ind2="7" tag="650"><subfield code="a">COLLECTIONS OF ESSAYS (TYPE OF DOCUMENT)</subfield><subfield code="9">eng</subfield><subfield code="0">(ETHUDK)000009249</subfield><subfield code="2">ethudk</subfield></datafield><datafield ind1=" " ind2="7" tag="650"><subfield code="a">COMPARATIVE POLITICS</subfield><subfield code="9">eng</subfield><subfield code="0">(ETHUDK)000055746</subfield><subfield code="2">ethudk</subfield></datafield><datafield ind1=" " ind2="0" tag="650"><subfield code="a">Political science</subfield></datafield><datafield ind1=" " ind2="0" tag="650"><subfield code="a">Political science</subfield><subfield code="x">Philosophy</subfield></datafield><datafield ind1=" " ind2="0" tag="650"><subfield code="a">Comparative government</subfield></datafield><datafield ind1=" " ind2="7" tag="650"><subfield code="a">Comparative government</subfield><subfield code="2">fast</subfield></datafield><datafield ind1=" " ind2="7" tag="650"><subfield code="a">Political science</subfield><subfield code="2">fast</subfield></datafield><datafield ind1=" " ind2="7" tag="650"><subfield code="a">Political science</subfield><subfield code="x">Philosophy</subfield><subfield code="2">fast</subfield></datafield><datafield ind1=" " ind2="7" tag="650"><subfield code="a">Regionalstudien</subfield><subfield code="0">(DE-588)7723609-9</subfield><subfield code="2">gnd</subfield></datafield><datafield ind1=" " ind2="7" tag="650"><subfield code="a">Vergleichende politische Wissenschaft</subfield><subfield code="0">(DE-588)4137685-7</subfield><subfield code="2">gnd</subfield></datafield><datafield ind1=" " ind2="7" tag="650"><subfield code="a">Politische Theorie</subfield><subfield code="0">(DE-588)4046563-9</subfield><subfield code="2">gnd</subfield></datafield><datafield ind1=" " ind2="7" tag="650"><subfield code="a">Postkolonialismus</subfield><subfield code="0">(DE-588)4566658-1</subfield><subfield code="2">gnd</subfield></datafield><datafield ind1=" " ind2="7" tag="655"><subfield code="a">Aufsatzsammlung</subfield><subfield code="2">gnd-content</subfield></datafield><datafield ind1="0" ind2=" " tag="776"><subfield code="z">9780190253776</subfield><subfield code="c">electronic book</subfield></datafield><datafield ind1="0" ind2=" " tag="776"><subfield code="z">9780190086244</subfield><subfield code="c">electronic publication</subfield></datafield><datafield ind1="0" ind2=" " tag="776"><subfield code="z">9780190253769</subfield><subfield code="c">electronic book Other</subfield></datafield><datafield ind1="1" ind2=" " tag="700"><subfield code="6">880-05</subfield><subfield code="a">Idris, Murad</subfield><subfield code="d">1984-</subfield><subfield code="0">(DE-588)1176655388</subfield><subfield code="e">Herausgeber</subfield><subfield code="4">edt</subfield></datafield><datafield ind1="1" ind2=" " tag="880"><subfield code="6">700-05/(B</subfield><subfield code="a">Idris, Murad</subfield><subfield code="e">Herausgeber</subfield><subfield code="0">(IDREF)234088761</subfield><subfield code="4">edt</subfield></datafield><datafield ind1="1" ind2=" " tag="700"><subfield code="6">880-03</subfield><subfield code="a">Thomas, Megan C.</subfield><subfield code="d">1970-</subfield><subfield code="0">(DE-588)141750197</subfield><subfield code="e">Herausgeber</subfield><subfield code="4">edt</subfield></datafield><datafield ind1="1" ind2=" " tag="880"><subfield code="6">700-03</subfield><subfield code="a">Thomas, Megan Christine</subfield><subfield code="d">1970-....</subfield><subfield code="0">(IDREF)170848841</subfield><subfield code="4">edt</subfield></datafield><datafield ind1="1" ind2=" " tag="700"><subfield code="6">880-04</subfield><subfield code="a">Jenco, Leigh K.</subfield><subfield code="d">1977-</subfield><subfield code="0">(DE-588)141909927</subfield><subfield code="e">Herausgeber</subfield><subfield code="4">edt</subfield></datafield><datafield ind1="1" ind2=" " tag="880"><subfield code="6">700-04</subfield><subfield code="a">Jenco, Leigh K.</subfield><subfield code="d">1977-....</subfield><subfield code="0">(IDREF)157414914</subfield><subfield code="4">edt</subfield></datafield><datafield ind1="4" ind2=" " tag="856"><subfield code="3">Inhaltsverzeichnis</subfield><subfield code="u">http://www.ub.unibas.ch/tox/IDSBB/007168101/PDF</subfield><subfield code="q">pdf</subfield></datafield><datafield ind1=" " ind2=" " tag="900"><subfield code="a">REROnoselfmerge</subfield></datafield><datafield ind1=" " ind2=" " tag="900"><subfield code="a">IDSDSStoppsignal FRED</subfield><subfield code="x">12.05.2020</subfield></datafield><datafield ind1=" " ind2=" " tag="903"><subfield code="a">RERO-SIGN</subfield><subfield code="5">BCUFR/20210924/ddu</subfield></datafield><datafield ind1=" " ind2=" " tag="910"><subfield code="a">LOC</subfield><subfield code="b">20200409</subfield><subfield code="c">Réutilisation sous conditions</subfield></datafield><datafield ind1=" " ind2=" " tag="949"><subfield code="a">http://www.ub.unibas.ch/tox/IDSBB/007168101/PDF</subfield></datafield><datafield ind1=" " ind2=" " tag="961"><subfield code="2">SHCONT</subfield><subfield code="a">X</subfield></datafield><datafield ind1=" " ind2=" " tag="961"><subfield code="2">gsi</subfield><subfield code="a">0(058)</subfield><subfield code="9">LOCAL</subfield></datafield></record>
</metadata></record>