<record><header><identifier>oai:alma.41SLSP_UGE:991000040969705502</identifier><datestamp>2023-03-01T01:09:23Z</datestamp><setSpec>uge_bcen_RapidILL_BOOK</setSpec><setSpec>uge_aaca_RapidILL_BOOK</setSpec><setSpec>uge_abels_RapidILL_BOOK</setSpec><setSpec>uge_dbu_RapidILL_BOOK</setSpec><setSpec>uge_cmu_RapidILL_BOOK</setSpec><setSpec>uge_mail_RapidILL_BOOK</setSpec><setSpec>UNIGE_ALL</setSpec><setSpec>uge_abbat_RapidILL_BOOK</setSpec><setSpec>uge_acar_RapidILL_BOOK</setSpec><setSpec>uge_aobs_RapidILL_BOOK</setSpec></header><metadata>
<record xmlns="http://www.loc.gov/MARC21/slim" xmlns:xsi="http://www.w3.org/2001/XMLSchema-instance" xsi:schemaLocation="http://www.loc.gov/MARC21/slim http://www.loc.gov/standards/marcxml/schema/MARC21slim.xsd"><leader>02316nam a2200505 c 4500</leader><controlfield tag="001">991000040969705502</controlfield><controlfield tag="005">20230116192637.0</controlfield><controlfield tag="008">201011s1954    sz ||||| |||| 10| ||fre d</controlfield><datafield ind1=" " ind2=" " tag="035"><subfield code="a">(swissbib)223788945-41slsp_network</subfield></datafield><datafield ind1=" " ind2=" " tag="035"><subfield code="a">223788945</subfield><subfield code="9">ExL</subfield></datafield><datafield ind1=" " ind2=" " tag="035"><subfield code="a">(RERO)0333036-41slsp</subfield></datafield><datafield ind1=" " ind2=" " tag="035"><subfield code="a">(NEBIS)008641138EBI01</subfield></datafield><datafield ind1=" " ind2=" " tag="035"><subfield code="a">(IDSSG)000444538HSB01</subfield></datafield><datafield ind1=" " ind2=" " tag="035"><subfield code="a">0333036</subfield></datafield><datafield ind1=" " ind2=" " tag="035"><subfield code="a">(EXLNZ-41SLSP_NETWORK)991140352569705501</subfield></datafield><datafield ind1=" " ind2=" " tag="040"><subfield code="a">RERO</subfield><subfield code="d">CH-ZuSLS</subfield></datafield><datafield ind1=" " ind2=" " tag="044"><subfield code="a">sz</subfield><subfield code="c">ch-ne</subfield></datafield><datafield ind1=" " ind2="7" tag="072"><subfield code="a">so</subfield><subfield code="2">rero</subfield></datafield><datafield ind1=" " ind2="7" tag="072"><subfield code="a">sp</subfield><subfield code="2">rero</subfield></datafield><datafield ind1="0" ind2="0" tag="245"><subfield code="a">&lt;&lt;Le&gt;&gt; nouveau monde et l'Europe</subfield><subfield code="b">texte des conférences et des entretiens organisés par les Rencontres internationales de Genève et des conférences prononcées aux Rencontres intellectuelles de Sao Paulo 1954</subfield><subfield code="c">Lucien Febvre, William Rappard ... [et al.]</subfield></datafield><datafield ind1=" " ind2="1" tag="264"><subfield code="a">Neuchâtel</subfield><subfield code="b">Ed. de la Baconnière</subfield><subfield code="c">1954</subfield></datafield><datafield ind1=" " ind2=" " tag="300"><subfield code="a">503 p.</subfield><subfield code="c">22 cm</subfield></datafield><datafield ind1=" " ind2=" " tag="336"><subfield code="b">txt</subfield><subfield code="2">rdacontent</subfield></datafield><datafield ind1=" " ind2=" " tag="337"><subfield code="b">n</subfield><subfield code="2">rdamedia</subfield></datafield><datafield ind1=" " ind2=" " tag="338"><subfield code="b">nc</subfield><subfield code="2">rdacarrier</subfield></datafield><datafield ind1="1" ind2=" " tag="490"><subfield code="a">Rencontres internationales de Genève : textes des conférences et des ...</subfield><subfield code="v">9</subfield></datafield><datafield ind1="1" ind2=" " tag="490"><subfield code="a">Histoire et société d'aujourd'hui</subfield></datafield><datafield ind1=" " ind2="7" tag="651"><subfield code="a">Amérique</subfield><subfield code="0">(IDREF)027218953</subfield><subfield code="2">idref</subfield></datafield><datafield ind1=" " ind2="7" tag="651"><subfield code="a">Europe</subfield><subfield code="0">(IDREF)027224651</subfield><subfield code="2">idref</subfield></datafield><datafield ind1=" " ind2="7" tag="651"><subfield code="a">Amerika</subfield><subfield code="0">(DE-588)4001670-5</subfield><subfield code="2">gnd</subfield></datafield><datafield ind1=" " ind2="7" tag="651"><subfield code="a">Europa</subfield><subfield code="0">(DE-588)4015701-5</subfield><subfield code="2">gnd</subfield></datafield><datafield ind1=" " ind2="7" tag="655"><subfield code="a">Actes de congrès</subfield><subfield code="0">(IDREF)02886431X</subfield><subfield code="2">idref</subfield></datafield><datafield ind1=" " ind2="7" tag="655"><subfield code="a">Konferenzschrift</subfield><subfield code="z">Genève</subfield><subfield code="y">1954</subfield><subfield code="2">gnd-content</subfield></datafield><datafield ind1=" " ind2="7" tag="655"><subfield code="a">Konferenzschrift</subfield><subfield code="z">Sao Paulo</subfield><subfield code="y">1954</subfield><subfield code="2">gnd-content</subfield></datafield><datafield ind1="1" ind2=" " tag="700"><subfield code="a">Rappard, William Emmanuel</subfield><subfield code="d">1883-1958</subfield><subfield code="0">(IDREF)032200188</subfield></datafield><datafield ind1="1" ind2=" " tag="700"><subfield code="a">Febvre, Lucien</subfield><subfield code="d">1878-1956</subfield><subfield code="0">(IDREF)026860600</subfield></datafield><datafield ind1="2" ind2=" " tag="711"><subfield code="a">Rencontres intellectuelles de Sao Paolo</subfield></datafield><datafield ind1="2" ind2=" " tag="711"><subfield code="a">Rencontres Internationales de Genève</subfield><subfield code="0">(DE-588)1035507-8</subfield></datafield><datafield ind1="2" ind2=" " tag="711"><subfield code="a">Rencontres intellectuelles de Sao Paulo</subfield></datafield><datafield ind1="2" ind2=" " tag="711"><subfield code="a">Rencontres internationales de Genève</subfield><subfield code="n">09</subfield><subfield code="d">1954</subfield><subfield code="0">(RERO)A012374171</subfield></datafield><datafield ind1="2" ind2=" " tag="711"><subfield code="a">Rencontres intellectuelles de Sāo Paulo</subfield><subfield code="d">1954</subfield><subfield code="0">(IDREF)095975268</subfield></datafield><datafield ind1="4" ind2=" " tag="856"><subfield code="3">Titelblatt und Inhaltsverzeichnis</subfield><subfield code="u">https://toc.library.ethz.ch/objects/pdf03/UPBEB_008641138_01.pdf</subfield><subfield code="q">pdf</subfield></datafield><datafield ind1=" " ind2=" " tag="830"><subfield code="a">Histoire et société d'aujourd'hui</subfield><subfield code="w">(RERO)0017943-41slsp</subfield></datafield><datafield ind1=" " ind2=" " tag="830"><subfield code="a">Rencontres internationales de Genève</subfield><subfield code="v">9</subfield><subfield code="w">(RERO)R003677737-41slsp</subfield></datafield><datafield ind1=" " ind2=" " tag="900"><subfield code="a">REROnoselfmerge</subfield></datafield><datafield ind1=" " ind2=" " tag="949"><subfield code="a">https://toc.library.ethz.ch/objects/pdf03/UPBEB_008641138_01.pdf</subfield></datafield><datafield ind1=" " ind2=" " tag="961"><subfield code="2">gsi</subfield><subfield code="a">316.32</subfield><subfield code="9">LOCAL</subfield></datafield></record>
</metadata></record>