<record><header><identifier>oai:alma.41SLSP_UGE:991000040139705502</identifier><datestamp>2024-11-16T01:12:16Z</datestamp><setSpec>uge_bcen_RapidILL_BOOK</setSpec><setSpec>uge_aaca_RapidILL_BOOK</setSpec><setSpec>uge_abels_RapidILL_BOOK</setSpec><setSpec>uge_dbu_RapidILL_BOOK</setSpec><setSpec>uge_cmu_RapidILL_BOOK</setSpec><setSpec>uge_mail_RapidILL_BOOK</setSpec><setSpec>uge_abbat_RapidILL_BOOK</setSpec><setSpec>UNIGE_ALL</setSpec><setSpec>uge_acar_RapidILL_BOOK</setSpec><setSpec>uge_aobs_RapidILL_BOOK</setSpec></header><metadata>
<record xmlns="http://www.loc.gov/MARC21/slim" xmlns:xsi="http://www.w3.org/2001/XMLSchema-instance" xsi:schemaLocation="http://www.loc.gov/MARC21/slim http://www.loc.gov/standards/marcxml/schema/MARC21slim.xsd"><leader>03536nam a2200901 c 4500</leader><controlfield tag="001">991000040139705502</controlfield><controlfield tag="005">20241115135332.0</controlfield><controlfield tag="008">201011s2000    ne ||||| |||| 00| ||eng d</controlfield><datafield ind1=" " ind2=" " tag="020"><subfield code="a">9004113975</subfield></datafield><datafield ind1=" " ind2=" " tag="035"><subfield code="a">(swissbib)214525198-41slsp_network</subfield></datafield><datafield ind1=" " ind2=" " tag="035"><subfield code="a">214525198</subfield><subfield code="9">ExL</subfield></datafield><datafield ind1=" " ind2=" " tag="035"><subfield code="a">(RERO)R270388560-41slsp</subfield></datafield><datafield ind1=" " ind2=" " tag="035"><subfield code="a">(IDSBB)002075137DSV01</subfield></datafield><datafield ind1=" " ind2=" " tag="035"><subfield code="a">(SBT)000755832SBT01</subfield></datafield><datafield ind1=" " ind2=" " tag="035"><subfield code="a">(NEBIS)003856783EBI01</subfield></datafield><datafield ind1=" " ind2=" " tag="035"><subfield code="a">(EXLNZ-41SLSP_NETWORK)991093054999705501</subfield></datafield><datafield ind1=" " ind2=" " tag="040"><subfield code="a">RERO frbcuc</subfield><subfield code="d">CH-ZuSLS</subfield></datafield><datafield ind1=" " ind2="7" tag="072"><subfield code="a">ph</subfield><subfield code="2">rero</subfield></datafield><datafield ind1=" " ind2="7" tag="072"><subfield code="a">ph</subfield><subfield code="2">SzZuIDS BS/BE</subfield></datafield><datafield ind1=" " ind2="7" tag="072"><subfield code="a">ht</subfield><subfield code="2">rero</subfield></datafield><datafield ind1="0" ind2="0" tag="082"><subfield code="a">808/.0945/09023</subfield><subfield code="2">21</subfield></datafield><datafield ind1="0" ind2="4" tag="082"><subfield code="a">808 .0945 09023</subfield><subfield code="2">21</subfield></datafield><datafield ind1="0" ind2="4" tag="082"><subfield code="a">870.9</subfield></datafield><datafield ind1="1" ind2="4" tag="082"><subfield code="a">808.094509023</subfield><subfield code="2">21</subfield></datafield><datafield ind1=" " ind2=" " tag="084"><subfield code="a">CE 5200</subfield><subfield code="2">rvk</subfield></datafield><datafield ind1=" " ind2=" " tag="084"><subfield code="a">NN 1595</subfield><subfield code="2">rvk</subfield></datafield><datafield ind1="1" ind2=" " tag="100"><subfield code="a">Witt, Ronald G.</subfield><subfield code="d">1932-</subfield><subfield code="0">(DE-588)123905850</subfield><subfield code="6">880-01</subfield></datafield><datafield ind1="1" ind2=" " tag="880"><subfield code="6">100-01</subfield><subfield code="a">Witt, Ronald G</subfield><subfield code="d">1932-....</subfield><subfield code="0">(IDREF)027198685</subfield><subfield code="4">cre</subfield></datafield><datafield ind1="1" ind2="0" tag="245"><subfield code="a">&quot;In the footsteps of the ancients&quot;</subfield><subfield code="b">the origins of humanism from Lovato to Bruni</subfield><subfield code="c">by Ronald G. Witt</subfield></datafield><datafield ind1=" " ind2="1" tag="264"><subfield code="a">Leiden [etc.]</subfield><subfield code="b">Brill</subfield><subfield code="c">2000</subfield></datafield><datafield ind1=" " ind2=" " tag="300"><subfield code="a">XIII, 562 p.</subfield><subfield code="c">25 cm</subfield></datafield><datafield ind1=" " ind2=" " tag="336"><subfield code="b">txt</subfield><subfield code="2">rdacontent</subfield></datafield><datafield ind1=" " ind2=" " tag="337"><subfield code="b">n</subfield><subfield code="2">rdamedia</subfield></datafield><datafield ind1=" " ind2=" " tag="338"><subfield code="b">nc</subfield><subfield code="2">rdacarrier</subfield></datafield><datafield ind1="1" ind2=" " tag="490"><subfield code="a">Studies in medieval and Reformation thought</subfield><subfield code="v">vol. 74</subfield></datafield><datafield ind1=" " ind2=" " tag="504"><subfield code="a">p. 515-548</subfield></datafield><datafield ind1="1" ind2="7" tag="600"><subfield code="a">Bruni, Leonardo</subfield><subfield code="d">1370-1444</subfield><subfield code="0">(DE-588)118516132</subfield><subfield code="2">gnd</subfield></datafield><datafield ind1="0" ind2="7" tag="600"><subfield code="a">Lupatus</subfield><subfield code="c">de Lupatis</subfield><subfield code="d">1241-1309</subfield><subfield code="0">(DE-588)119544423</subfield><subfield code="2">gnd</subfield></datafield><datafield ind1="1" ind2="7" tag="600"><subfield code="a">Albertino</subfield><subfield code="c">Mussato</subfield><subfield code="d">1261-1329</subfield><subfield code="0">(DE-588)118785508</subfield><subfield code="2">gnd</subfield></datafield><datafield ind1="1" ind2="7" tag="600"><subfield code="a">Petrarca, Francesco</subfield><subfield code="d">1304-1374</subfield><subfield code="0">(DE-588)118593234</subfield><subfield code="2">gnd</subfield></datafield><datafield ind1="1" ind2="7" tag="600"><subfield code="a">Salutati, Coluccio</subfield><subfield code="d">1331-1406</subfield><subfield code="0">(DE-588)118605178</subfield><subfield code="2">gnd</subfield></datafield><datafield ind1="1" ind2="0" tag="600"><subfield code="a">Bruni, Leonardo</subfield></datafield><datafield ind1="1" ind2="0" tag="600"><subfield code="a">Bruni, Leonardo</subfield><subfield code="d">1369-1444</subfield></datafield><datafield ind1="1" ind2="0" tag="600"><subfield code="a">Lovati, Lovato de</subfield></datafield><datafield ind1="1" ind2="0" tag="600"><subfield code="a">Lovati, Lovato de</subfield><subfield code="d">1240 or 1241-1309</subfield></datafield><datafield ind1=" " ind2="7" tag="648"><subfield code="a">Geschichte 1250-1300</subfield><subfield code="2">idszbz</subfield></datafield><datafield ind1=" " ind2="7" tag="648"><subfield code="a">Geschichte 1250-1440</subfield><subfield code="2">idszbz</subfield></datafield><datafield ind1=" " ind2="7" tag="648"><subfield code="a">Geschichte 1300-1400</subfield><subfield code="2">idszbz</subfield></datafield><datafield ind1=" " ind2="7" tag="648"><subfield code="a">Geschichte 1400-1450</subfield><subfield code="2">idszbz</subfield></datafield><datafield ind1=" " ind2="7" tag="648"><subfield code="a">Geschichte 1250-1450</subfield><subfield code="2">gnd</subfield></datafield><datafield ind1=" " ind2="7" tag="650"><subfield code="a">Humanisme</subfield><subfield code="0">(IDREF)027565211</subfield><subfield code="2">idref</subfield></datafield><datafield ind1=" " ind2="7" tag="650"><subfield code="a">13e siècle (2e moitié)-15e siècle (début)</subfield><subfield code="0">(RERO)A023908751</subfield><subfield code="2">rero</subfield></datafield><datafield ind1=" " ind2="7" tag="650"><subfield code="a">Humanismus</subfield><subfield code="z">Italien</subfield><subfield code="2">idsbb</subfield></datafield><datafield ind1=" " ind2="7" tag="650"><subfield code="a">Humanismus</subfield><subfield code="2">idszbz</subfield></datafield><datafield ind1=" " ind2="7" tag="650"><subfield code="a">Literatur</subfield><subfield code="2">idszbz</subfield></datafield><datafield ind1=" " ind2="7" tag="650"><subfield code="a">Neulatein</subfield><subfield code="2">idszbz</subfield></datafield><datafield ind1=" " ind2="7" tag="650"><subfield code="a">Humanismus</subfield><subfield code="0">(DE-588)4026140-2</subfield><subfield code="2">gnd</subfield></datafield><datafield ind1=" " ind2="7" tag="650"><subfield code="a">Latein</subfield><subfield code="0">(DE-588)4114364-4</subfield><subfield code="2">gnd</subfield></datafield><datafield ind1=" " ind2="7" tag="650"><subfield code="a">Literatur</subfield><subfield code="0">(DE-588)4035964-5</subfield><subfield code="2">gnd</subfield></datafield><datafield ind1=" " ind2="7" tag="650"><subfield code="a">Neulatein</subfield><subfield code="0">(DE-588)4120281-8</subfield><subfield code="2">gnd</subfield></datafield><datafield ind1=" " ind2="7" tag="650"><subfield code="a">Rezeption</subfield><subfield code="0">(DE-588)4049716-1</subfield><subfield code="2">gnd</subfield></datafield><datafield ind1=" " ind2="0" tag="650"><subfield code="a">Humanism in literature</subfield></datafield><datafield ind1=" " ind2="0" tag="650"><subfield code="a">Humanists</subfield><subfield code="z">France</subfield></datafield><datafield ind1=" " ind2="0" tag="650"><subfield code="a">Humanists</subfield><subfield code="z">Italy</subfield></datafield><datafield ind1=" " ind2="0" tag="650"><subfield code="a">Latin literature, Medieval and modern</subfield><subfield code="x">Classical influences</subfield></datafield><datafield ind1=" " ind2="0" tag="650"><subfield code="a">Latin literature, Medieval and modern</subfield><subfield code="z">France</subfield><subfield code="x">History and criticism</subfield></datafield><datafield ind1=" " ind2="0" tag="650"><subfield code="a">Latin literature, Medieval and modern</subfield><subfield code="z">Italy</subfield><subfield code="x">History and criticism</subfield></datafield><datafield ind1=" " ind2="0" tag="650"><subfield code="a">Rhetoric, Ancient</subfield><subfield code="x">Study and teaching</subfield><subfield code="x">History</subfield><subfield code="y">To 1500</subfield></datafield><datafield ind1=" " ind2="7" tag="650"><subfield code="a">Umanesimo</subfield><subfield code="z">Italia</subfield><subfield code="2">sbt12</subfield></datafield><datafield ind1=" " ind2="7" tag="651"><subfield code="a">Italien</subfield><subfield code="2">idszbz</subfield></datafield><datafield ind1=" " ind2="7" tag="651"><subfield code="a">Italien</subfield><subfield code="0">(DE-588)4027833-5</subfield><subfield code="2">gnd</subfield></datafield><datafield ind1=" " ind2="0" tag="651"><subfield code="a">France</subfield><subfield code="x">Intellectual life</subfield><subfield code="y">To 1500</subfield></datafield><datafield ind1=" " ind2="0" tag="651"><subfield code="a">Italy</subfield><subfield code="x">Intellectual life</subfield><subfield code="y">1268-1559</subfield></datafield><datafield ind1=" " ind2=" " tag="691"><subfield code="e">945</subfield><subfield code="2">usi-TM</subfield></datafield><datafield ind1=" " ind2=" " tag="830"><subfield code="a">Studies in medieval and Reformation thought</subfield><subfield code="v">74</subfield><subfield code="w">(IDSBB)000106395DSV01</subfield></datafield><datafield ind1=" " ind2=" " tag="830"><subfield code="a">Studies in Medieval and Reformation Thought</subfield><subfield code="v">74</subfield><subfield code="w">(RERO)0078369-41slsp</subfield></datafield><datafield ind1=" " ind2=" " tag="830"><subfield code="a">Studies in medieval and Reformation thought</subfield><subfield code="v">74</subfield><subfield code="w">(SBT)000755837SBT01</subfield></datafield><datafield ind1=" " ind2=" " tag="900"><subfield code="a">REROnoselfmerge</subfield></datafield><datafield ind1=" " ind2=" " tag="900"><subfield code="a">IDSZ2zbzmon200006e</subfield><subfield code="c">IDSZ2matti</subfield><subfield code="d">IDSZ2zbzswk200006b</subfield><subfield code="e">IDSZ2brue</subfield></datafield></record>
</metadata></record>