<record><header><identifier>oai:alma.41SLSP_UGE:991000050879705502</identifier><datestamp>2023-03-01T01:09:23Z</datestamp><setSpec>uge_bcen_RapidILL_BOOK</setSpec><setSpec>uge_aaca_RapidILL_BOOK</setSpec><setSpec>uge_abels_RapidILL_BOOK</setSpec><setSpec>uge_dbu_RapidILL_BOOK</setSpec><setSpec>uge_cmu_RapidILL_BOOK</setSpec><setSpec>uge_mail_RapidILL_BOOK</setSpec><setSpec>UNIGE_ALL</setSpec><setSpec>uge_abbat_RapidILL_BOOK</setSpec><setSpec>uge_aobs_RapidILL_BOOK</setSpec><setSpec>uge_acar_RapidILL_BOOK</setSpec></header><metadata>
<record xmlns="http://www.loc.gov/MARC21/slim" xmlns:xsi="http://www.w3.org/2001/XMLSchema-instance" xsi:schemaLocation="http://www.loc.gov/MARC21/slim http://www.loc.gov/standards/marcxml/schema/MARC21slim.xsd"><leader>01141nam a22002897c 4500</leader><controlfield tag="001">991000050879705502</controlfield><controlfield tag="005">20211013202323.0</controlfield><controlfield tag="008">070814s1993    be ||||| |||| 00| ||lat d</controlfield><datafield ind1="7" ind2=" " tag="024"><subfield code="a">http://catalogue.bnf.fr/ark:/12148/cb375385124</subfield><subfield code="2">uri</subfield></datafield><datafield ind1=" " ind2=" " tag="035"><subfield code="a">(swissbib)105687677-41slsp_network</subfield></datafield><datafield ind1=" " ind2=" " tag="035"><subfield code="a">105687677</subfield><subfield code="9">ExL</subfield></datafield><datafield ind1=" " ind2=" " tag="035"><subfield code="a">(RERO)R004525791-41slsp</subfield></datafield><datafield ind1=" " ind2=" " tag="035"><subfield code="a">(EXLNZ-41SLSP_NETWORK)991070267369705501</subfield></datafield><datafield ind1=" " ind2=" " tag="040"><subfield code="a">RERO gefoha</subfield><subfield code="d">CH-ZuSLS</subfield></datafield><datafield ind1=" " ind2="7" tag="072"><subfield code="a">th</subfield><subfield code="2">rero</subfield></datafield><datafield ind1="0" ind2=" " tag="100"><subfield code="a">Zénon de Vérone</subfield><subfield code="c">saint</subfield><subfield code="d">03..-0380?</subfield><subfield code="0">(IDREF)030325676</subfield><subfield code="4">cre</subfield></datafield><datafield ind1="1" ind2="0" tag="245"><subfield code="a">Sanctorum Zenonis et Optati, prioris Veronae, alterius Milevi episcoporum Opera omnia</subfield><subfield code="c">nunc primum cura qua par erat redacta ... ...</subfield></datafield><datafield ind1=" " ind2="1" tag="264"><subfield code="a">[Turnhout]</subfield><subfield code="b">Brepols</subfield><subfield code="c">1993</subfield></datafield><datafield ind1=" " ind2=" " tag="300"><subfield code="a">1556 col.</subfield><subfield code="c">29 cm</subfield></datafield><datafield ind1=" " ind2=" " tag="336"><subfield code="b">txt</subfield><subfield code="2">rdacontent</subfield></datafield><datafield ind1=" " ind2=" " tag="337"><subfield code="b">n</subfield><subfield code="2">rdamedia</subfield></datafield><datafield ind1=" " ind2=" " tag="338"><subfield code="b">nc</subfield><subfield code="2">rdacarrier</subfield></datafield><datafield ind1="1" ind2=" " tag="490"><subfield code="a">Patrologiae cursus completus... Series latina</subfield><subfield code="v">t. 11</subfield></datafield><datafield ind1="0" ind2="2" tag="700"><subfield code="a">Optatus</subfield><subfield code="c">évêque de Milève, saint</subfield><subfield code="t">Opera omnia</subfield></datafield><datafield ind1="0" ind2=" " tag="700"><subfield code="a">Optatus</subfield><subfield code="c">évêque de Milève, saint</subfield><subfield code="0">(RERO)A000125003</subfield></datafield><datafield ind1="0" ind2="2" tag="700"><subfield code="a">Zeno</subfield><subfield code="c">évêque de Vérone, saint</subfield><subfield code="t">Opera omnia</subfield></datafield><datafield ind1=" " ind2="0" tag="830"><subfield code="a">Patrologiae cursus completus</subfield><subfield code="p">Series latina</subfield><subfield code="v">11</subfield></datafield><datafield ind1=" " ind2=" " tag="900"><subfield code="a">REROnoselfmerge</subfield></datafield></record>
</metadata></record>