<record><header><identifier>oai:alma.41SLSP_UGE:991000051289705502</identifier><datestamp>2024-03-22T01:23:09Z</datestamp><setSpec>uge_cmu_RapidILL_JOURNAL</setSpec><setSpec>uge_aobs_RapidILL_JOURNAL</setSpec><setSpec>uge_aaca_RapidILL_JOURNAL</setSpec><setSpec>uge_bcen_RapidILL_JOURNAL</setSpec><setSpec>uge_abbat_RapidILL_JOURNAL</setSpec><setSpec>uge_dbu_RapidILL_JOURNAL</setSpec><setSpec>uge_mail_RapidILL_JOURNAL</setSpec><setSpec>uge_abels_RapidILL_JOURNAL</setSpec><setSpec>UNIGE_ALL</setSpec><setSpec>uge_acar_RapidILL_JOURNAL</setSpec></header><metadata>
<record xmlns="http://www.loc.gov/MARC21/slim" xmlns:xsi="http://www.w3.org/2001/XMLSchema-instance" xsi:schemaLocation="http://www.loc.gov/MARC21/slim http://www.loc.gov/standards/marcxml/schema/MARC21slim.xsd"><leader>01272nas a22003137c 4500</leader><controlfield tag="001">991000051289705502</controlfield><controlfield tag="005">20240321233818.0</controlfield><controlfield tag="008">150330d18211927au || p|  ||| 0    0ger d</controlfield><datafield ind1=" " ind2=" " tag="022"><subfield code="a">1022-5218</subfield><subfield code="l">1022-5218</subfield></datafield><datafield ind1=" " ind2=" " tag="035"><subfield code="a">(swissbib)121399729-41slsp_network</subfield></datafield><datafield ind1=" " ind2=" " tag="035"><subfield code="a">121399729</subfield><subfield code="9">ExL</subfield></datafield><datafield ind1=" " ind2=" " tag="035"><subfield code="a">(RERO)R008109562-41slsp</subfield></datafield><datafield ind1=" " ind2=" " tag="035"><subfield code="a">(EXLNZ-41SLSP_NETWORK)991003488129705501</subfield></datafield><datafield ind1=" " ind2=" " tag="040"><subfield code="a">BDF</subfield><subfield code="d">CH-ZuSLS</subfield></datafield><datafield ind1=" " ind2="7" tag="072"><subfield code="a">zz</subfield><subfield code="2">rero</subfield></datafield><datafield ind1="0" ind2="0" tag="245"><subfield code="a">Annalen der K.K. Sternwarte in Wien</subfield></datafield><datafield ind1="1" ind2=" " tag="246"><subfield code="a">Annalen der K.K. Universitäts-Sternwarte in Wien</subfield></datafield><datafield ind1="1" ind2=" " tag="246"><subfield code="a">Annalen der Kaiserlich Königlichen Sternwarte in Wien</subfield></datafield><datafield ind1="1" ind2=" " tag="246"><subfield code="a">Annalen der Kaiserlich Königlichen Universitäts-Sternwarte in Wien</subfield></datafield><datafield ind1=" " ind2="1" tag="264"><subfield code="a">Wien</subfield><subfield code="b">A. Strauss</subfield></datafield><datafield ind1=" " ind2=" " tag="310"><subfield code="a">Parution irrégulière</subfield></datafield><datafield ind1=" " ind2=" " tag="336"><subfield code="b">txt</subfield><subfield code="2">rdacontent</subfield></datafield><datafield ind1=" " ind2=" " tag="337"><subfield code="b">n</subfield><subfield code="2">rdamedia</subfield></datafield><datafield ind1=" " ind2=" " tag="338"><subfield code="b">nc</subfield><subfield code="2">rdacarrier</subfield></datafield><datafield ind1="0" ind2=" " tag="362"><subfield code="a">T. (1821)-20. T. (1840) ; N.F., 1. Bd. (1841)-14. Bd. (1851) ; 3. Folge, 1. Bd. (1851)-29. Bd. (1879) ;4. Folge, 2. Bd. (1882)-25 Bd. (1913)</subfield></datafield><datafield ind1=" " ind2=" " tag="500"><subfield code="a">Mise à jour du titre : Annalen der K.K. Universitäts-Sternwarte Wien</subfield></datafield><datafield ind1=" " ind2=" " tag="580"><subfield code="a">Devient : Annalen der Universitäts-Sternwarte Wien</subfield></datafield><datafield ind1="0" ind2="0" tag="785"><subfield code="t">Annalen der Universitäts-Sternwarte Wien</subfield><subfield code="w">(RERO)R009064829-41slsp</subfield></datafield><datafield ind1=" " ind2=" " tag="900"><subfield code="a">REROswissbibnomerge</subfield></datafield><datafield ind1=" " ind2=" " tag="910"><subfield code="a">OCoLC</subfield><subfield code="b">20150330</subfield><subfield code="c">Droits réservés</subfield></datafield><datafield ind1=" " ind2=" " tag="961"><subfield code="2">ge-obs</subfield><subfield code="a">436/4a</subfield><subfield code="9">LOCAL</subfield></datafield></record>
</metadata></record>