<record><header><identifier>oai:alma.41SLSP_UGE:991000045049705502</identifier><datestamp>2024-10-05T00:10:09Z</datestamp><setSpec>uge_bcen_RapidILL_BOOK</setSpec><setSpec>uge_aaca_RapidILL_BOOK</setSpec><setSpec>uge_abels_RapidILL_BOOK</setSpec><setSpec>uge_dbu_RapidILL_BOOK</setSpec><setSpec>uge_cmu_RapidILL_BOOK</setSpec><setSpec>uge_mail_RapidILL_BOOK</setSpec><setSpec>uge_abbat_RapidILL_BOOK</setSpec><setSpec>UNIGE_ALL</setSpec><setSpec>uge_aobs_RapidILL_BOOK</setSpec><setSpec>uge_acar_RapidILL_BOOK</setSpec></header><metadata>
<record xmlns="http://www.loc.gov/MARC21/slim" xmlns:xsi="http://www.w3.org/2001/XMLSchema-instance" xsi:schemaLocation="http://www.loc.gov/MARC21/slim http://www.loc.gov/standards/marcxml/schema/MARC21slim.xsd"><leader>00913naa a2200253 c 4500</leader><controlfield tag="001">991000045049705502</controlfield><controlfield tag="005">20241004193921.0</controlfield><controlfield tag="008">201012s1912    it ||||| |||| 00| ||fre d</controlfield><datafield ind1=" " ind2=" " tag="035"><subfield code="a">(swissbib)241397928-41slsp_network</subfield></datafield><datafield ind1=" " ind2=" " tag="035"><subfield code="a">241397928</subfield><subfield code="9">ExL</subfield></datafield><datafield ind1=" " ind2=" " tag="035"><subfield code="a">(RERO)R004928732-41slsp</subfield></datafield><datafield ind1=" " ind2=" " tag="035"><subfield code="a">(IDSBB)006100596DSV01</subfield></datafield><datafield ind1=" " ind2=" " tag="035"><subfield code="a">(EXLNZ-41SLSP_NETWORK)991050659129705501</subfield></datafield><datafield ind1=" " ind2=" " tag="040"><subfield code="a">RERO geussc</subfield><subfield code="d">CH-ZuSLS</subfield></datafield><datafield ind1=" " ind2="7" tag="072"><subfield code="a">bi</subfield><subfield code="2">rero</subfield></datafield><datafield ind1=" " ind2="7" tag="072"><subfield code="a">et</subfield><subfield code="2">SzZuIDS BS/BE</subfield></datafield><datafield ind1="1" ind2=" " tag="100"><subfield code="a">Rosa, Daniele</subfield><subfield code="0">(RERO)A003759409</subfield><subfield code="4">cre</subfield></datafield><datafield ind1="1" ind2="0" tag="245"><subfield code="a">Dilemmes fondamentaux touchant la méthode de l'évolution</subfield><subfield code="c">Daniele Rosa</subfield></datafield><datafield ind1=" " ind2=" " tag="336"><subfield code="b">txt</subfield><subfield code="2">rdacontent</subfield></datafield><datafield ind1=" " ind2=" " tag="337"><subfield code="b">n</subfield><subfield code="2">rdamedia</subfield></datafield><datafield ind1=" " ind2=" " tag="338"><subfield code="b">nc</subfield><subfield code="2">rdacarrier</subfield></datafield><datafield ind1=" " ind2=" " tag="500"><subfield code="a">Zugleich als Sonderdruck erschienen</subfield></datafield><datafield ind1=" " ind2=" " tag="580"><subfield code="a">In: Scientia. - Bologna. - Vol. 11, an. 6(1912), no 22, p. 147-163</subfield></datafield><datafield ind1="0" ind2=" " tag="773"><subfield code="t">Scientia</subfield><subfield code="d">Bologna</subfield><subfield code="g">vol. 11(1912), S. 147-163</subfield><subfield code="q">11/1912/147-163</subfield><subfield code="g">yr:1912</subfield><subfield code="g">no:11</subfield><subfield code="w">(IDSBB)000127302DSV01</subfield></datafield><datafield ind1=" " ind2=" " tag="900"><subfield code="a">REROnoselfmerge</subfield></datafield></record>
</metadata></record>