<record><header><identifier>oai:alma.41SLSP_UGE:991000050559705502</identifier><datestamp>2024-04-14T00:12:30Z</datestamp><setSpec>uge_bcen_RapidILL_BOOK</setSpec><setSpec>uge_aaca_RapidILL_BOOK</setSpec><setSpec>uge_abels_RapidILL_BOOK</setSpec><setSpec>uge_dbu_RapidILL_BOOK</setSpec><setSpec>uge_cmu_RapidILL_BOOK</setSpec><setSpec>uge_mail_RapidILL_BOOK</setSpec><setSpec>uge_abbat_RapidILL_BOOK</setSpec><setSpec>UNIGE_ALL</setSpec><setSpec>uge_acar_RapidILL_BOOK</setSpec><setSpec>uge_aobs_RapidILL_BOOK</setSpec></header><metadata>
<record xmlns="http://www.loc.gov/MARC21/slim" xmlns:xsi="http://www.w3.org/2001/XMLSchema-instance" xsi:schemaLocation="http://www.loc.gov/MARC21/slim http://www.loc.gov/standards/marcxml/schema/MARC21slim.xsd"><leader>01608nam a2200373 c 4500</leader><controlfield tag="001">991000050559705502</controlfield><controlfield tag="005">20230129183017.0</controlfield><controlfield tag="008">190618s2019    it ||||| |||| 10| ||ita d</controlfield><datafield ind1=" " ind2=" " tag="020"><subfield code="a">9788895368320</subfield></datafield><datafield ind1=" " ind2=" " tag="035"><subfield code="a">(swissbib)125759991-41slsp_network</subfield></datafield><datafield ind1=" " ind2=" " tag="035"><subfield code="a">125759991</subfield><subfield code="9">ExL</subfield></datafield><datafield ind1=" " ind2=" " tag="035"><subfield code="a">(RERO)R008935466-41slsp</subfield></datafield><datafield ind1=" " ind2=" " tag="035"><subfield code="a">(EXLNZ-41SLSP_NETWORK)991022056619705501</subfield></datafield><datafield ind1=" " ind2=" " tag="040"><subfield code="a">RERO geulhg</subfield><subfield code="d">CH-ZuSLS</subfield></datafield><datafield ind1=" " ind2="7" tag="072"><subfield code="a">hm</subfield><subfield code="2">rero</subfield></datafield><datafield ind1="0" ind2="0" tag="245"><subfield code="a">&lt;&lt;Le&gt;&gt; vie della comunicazione nel Medioevo</subfield><subfield code="b">livelli, soggetti e spazi d'intervento nei cambiamenti sociali e politici : Progetto Atelier jeunes chercheurs.2 : giornate di studio, Roma, 20-21 ottobre 2016</subfield><subfield code="c">a cura di M. Bottazzi, P. Buffo, C. Ciccopiedi</subfield></datafield><datafield ind1=" " ind2="1" tag="264"><subfield code="a">Trieste</subfield><subfield code="b">CERM - Centre europeo ricerche medievali</subfield><subfield code="a">Roma</subfield><subfield code="b">École française de Rome</subfield><subfield code="c">[2019]</subfield></datafield><datafield ind1=" " ind2="2" tag="264"><subfield code="a">Udine</subfield><subfield code="b">Gaspari Editore</subfield></datafield><datafield ind1=" " ind2="4" tag="264"><subfield code="c">© 2019</subfield></datafield><datafield ind1=" " ind2=" " tag="300"><subfield code="a">489 pages</subfield><subfield code="b">figures</subfield></datafield><datafield ind1=" " ind2=" " tag="336"><subfield code="b">txt</subfield><subfield code="2">rdacontent</subfield></datafield><datafield ind1=" " ind2=" " tag="337"><subfield code="b">n</subfield><subfield code="2">rdamedia</subfield></datafield><datafield ind1=" " ind2=" " tag="338"><subfield code="b">nc</subfield><subfield code="2">rdacarrier</subfield></datafield><datafield ind1="1" ind2=" " tag="490"><subfield code="a">Atti</subfield><subfield code="v">12</subfield></datafield><datafield ind1="1" ind2=" " tag="490"><subfield code="a">Collection de l'École française de Rome</subfield><subfield code="v">560</subfield></datafield><datafield ind1=" " ind2=" " tag="500"><subfield code="a">Indice dei nomi di persona e di luogo</subfield></datafield><datafield ind1=" " ind2="7" tag="650"><subfield code="a">Communication</subfield><subfield code="0">(IDREF)027321657</subfield><subfield code="2">idref</subfield></datafield><datafield ind1=" " ind2="7" tag="650"><subfield code="a">Moyen âge</subfield><subfield code="0">(IDREF)027329917</subfield><subfield code="2">idref</subfield></datafield><datafield ind1=" " ind2="7" tag="655"><subfield code="a">Actes de congrès</subfield><subfield code="0">(IDREF)02886431X</subfield><subfield code="2">idref</subfield></datafield><datafield ind1="1" ind2=" " tag="700"><subfield code="a">Bottazzi, Marialuisa</subfield><subfield code="d">1960-....</subfield><subfield code="0">(IDREF)168830051</subfield><subfield code="4">edt</subfield></datafield><datafield ind1="1" ind2=" " tag="700"><subfield code="a">Buffo, Paolo</subfield><subfield code="d">1984-....</subfield><subfield code="0">(IDREF)19505654X</subfield><subfield code="4">edt</subfield></datafield><datafield ind1="1" ind2=" " tag="700"><subfield code="a">Ciccopiedi, Caterina</subfield><subfield code="d">1985-....</subfield><subfield code="0">(IDREF)187110735</subfield><subfield code="4">edt</subfield></datafield><datafield ind1=" " ind2="0" tag="830"><subfield code="a">Collection de l'Ecole française de Rome</subfield><subfield code="v">515</subfield><subfield code="w">(RERO)0019955-41slsp</subfield></datafield><datafield ind1=" " ind2="0" tag="830"><subfield code="a">Collana atti</subfield><subfield code="v">12</subfield><subfield code="w">(RERO)R006295304-41slsp</subfield></datafield><datafield ind1=" " ind2=" " tag="900"><subfield code="a">REROnoselfmerge</subfield></datafield></record>
</metadata></record>