<record><header><identifier>oai:alma.41SLSP_UGE:991000050459705502</identifier><datestamp>2023-03-06T01:11:49Z</datestamp><setSpec>uge_bcen_RapidILL_BOOK</setSpec><setSpec>uge_aaca_RapidILL_BOOK</setSpec><setSpec>uge_abels_RapidILL_BOOK</setSpec><setSpec>uge_dbu_RapidILL_BOOK</setSpec><setSpec>uge_cmu_RapidILL_BOOK</setSpec><setSpec>uge_mail_RapidILL_BOOK</setSpec><setSpec>uge_abbat_RapidILL_BOOK</setSpec><setSpec>UNIGE_ALL</setSpec><setSpec>uge_acar_RapidILL_BOOK</setSpec><setSpec>uge_aobs_RapidILL_BOOK</setSpec></header><metadata>
<record xmlns="http://www.loc.gov/MARC21/slim" xmlns:xsi="http://www.w3.org/2001/XMLSchema-instance" xsi:schemaLocation="http://www.loc.gov/MARC21/slim http://www.loc.gov/standards/marcxml/schema/MARC21slim.xsd"><leader>02010nam a2200553 c 4500</leader><controlfield tag="001">991000050459705502</controlfield><controlfield tag="005">20230305074232.0</controlfield><controlfield tag="008">201011s2015    it ||||  |||| 000 0 ita|d</controlfield><datafield ind1=" " ind2=" " tag="010"><subfield code="a">2015446961</subfield></datafield><datafield ind1=" " ind2=" " tag="020"><subfield code="a">889813813X</subfield></datafield><datafield ind1=" " ind2=" " tag="020"><subfield code="a">9788898138135</subfield></datafield><datafield ind1=" " ind2=" " tag="035"><subfield code="a">(swissbib)226050327-41slsp_network</subfield></datafield><datafield ind1=" " ind2=" " tag="035"><subfield code="a">226050327</subfield><subfield code="9">ExL</subfield></datafield><datafield ind1=" " ind2=" " tag="035"><subfield code="a">(IDSBB)006499963DSV01</subfield></datafield><datafield ind1=" " ind2=" " tag="035"><subfield code="a">(RERO)R008166110-41slsp</subfield></datafield><datafield ind1=" " ind2=" " tag="035"><subfield code="a">(OCoLC)913745353</subfield></datafield><datafield ind1=" " ind2=" " tag="035"><subfield code="a">(EXLNZ-41SLSP_NETWORK)991037295209705501</subfield></datafield><datafield ind1=" " ind2=" " tag="040"><subfield code="a">ItFiC</subfield><subfield code="b">ger</subfield><subfield code="e">rda</subfield><subfield code="d">CH-ZuSLS</subfield></datafield><datafield ind1="1" ind2=" " tag="041"><subfield code="a">ita</subfield><subfield code="h">eng</subfield></datafield><datafield ind1=" " ind2=" " tag="042"><subfield code="a">lccopycat</subfield></datafield><datafield ind1="0" ind2="0" tag="050"><subfield code="a">P302</subfield><subfield code="b">.P686 2015</subfield></datafield><datafield ind1=" " ind2="7" tag="072"><subfield code="a">it</subfield><subfield code="2">rero</subfield></datafield><datafield ind1="1" ind2="4" tag="082"><subfield code="a">401</subfield><subfield code="2">14</subfield></datafield><datafield ind1="0" ind2="0" tag="245"><subfield code="a">Pragmatica del discorso e della conversazione</subfield><subfield code="b">una prospettiva cognitiva</subfield><subfield code="c">a cura di Ines Adornetti</subfield></datafield><datafield ind1=" " ind2="1" tag="264"><subfield code="a">Roma-Messina</subfield><subfield code="b">Corisco edizioni</subfield><subfield code="c">[2015]</subfield></datafield><datafield ind1=" " ind2=" " tag="300"><subfield code="a">168 Seiten</subfield><subfield code="b">Illustrationen</subfield><subfield code="c">21 cm</subfield></datafield><datafield ind1=" " ind2=" " tag="336"><subfield code="b">txt</subfield><subfield code="2">rdacontent</subfield></datafield><datafield ind1=" " ind2=" " tag="337"><subfield code="b">n</subfield><subfield code="2">rdamedia</subfield></datafield><datafield ind1=" " ind2=" " tag="338"><subfield code="b">nc</subfield><subfield code="2">rdacarrier</subfield></datafield><datafield ind1="0" ind2=" " tag="490"><subfield code="a">I linguaggi delle scienze cognitive</subfield></datafield><datafield ind1=" " ind2=" " tag="504"><subfield code="a">Includes bibliographical references</subfield></datafield><datafield ind1=" " ind2=" " tag="546"><subfield code="a">Texts in Italian, some of which translated from English</subfield></datafield><datafield ind1=" " ind2="0" tag="650"><subfield code="a">Discourse analysis</subfield></datafield><datafield ind1=" " ind2="0" tag="650"><subfield code="a">Conversation analysis</subfield></datafield><datafield ind1=" " ind2="0" tag="650"><subfield code="a">Pragmatics</subfield></datafield><datafield ind1=" " ind2="0" tag="650"><subfield code="a">Cognitive grammar</subfield></datafield><datafield ind1=" " ind2="7" tag="650"><subfield code="a">Cognitive grammar</subfield><subfield code="2">fast</subfield></datafield><datafield ind1=" " ind2="7" tag="650"><subfield code="a">Conversation analysis</subfield><subfield code="2">fast</subfield></datafield><datafield ind1=" " ind2="7" tag="650"><subfield code="a">Discourse analysis</subfield><subfield code="2">fast</subfield></datafield><datafield ind1=" " ind2="7" tag="650"><subfield code="a">Pragmatics</subfield><subfield code="2">fast</subfield></datafield><datafield ind1=" " ind2="7" tag="650"><subfield code="a">Discours (linguistique)</subfield><subfield code="0">(IDREF)027219100</subfield><subfield code="2">idref</subfield></datafield><datafield ind1=" " ind2="7" tag="650"><subfield code="a">Conversation</subfield><subfield code="0">(IDREF)02723097X</subfield><subfield code="2">idref</subfield></datafield><datafield ind1=" " ind2="7" tag="650"><subfield code="a">Pragmatique</subfield><subfield code="0">(IDREF)027245217</subfield><subfield code="2">idref</subfield></datafield><datafield ind1=" " ind2="7" tag="650"><subfield code="a">Linguistique cognitive</subfield><subfield code="0">(IDREF)029658837</subfield><subfield code="2">idref</subfield></datafield><datafield ind1=" " ind2="7" tag="655"><subfield code="a">[Études diverses]</subfield><subfield code="0">(RERO)A022249905</subfield><subfield code="2">rero</subfield></datafield><datafield ind1="1" ind2=" " tag="700"><subfield code="a">Adornetti, Ines</subfield><subfield code="e">Herausgeber</subfield><subfield code="4">edt</subfield><subfield code="6">880-02</subfield></datafield><datafield ind1="1" ind2=" " tag="880"><subfield code="a">Adornetti, Ines</subfield><subfield code="0">(RERO)A025650294</subfield><subfield code="6">700-02</subfield></datafield><datafield ind1="4" ind2="1" tag="856"><subfield code="3">Table of contents only</subfield><subfield code="u">http://catdir.loc.gov/catdir/toc/casalini14/3046797.pdf</subfield><subfield code="x">13.01.2017/B498/B-dch</subfield></datafield><datafield ind1=" " ind2=" " tag="900"><subfield code="a">REROnoselfmerge</subfield></datafield><datafield ind1=" " ind2=" " tag="949"><subfield code="a">http://catdir.loc.gov/catdir/toc/casalini14/3046797.pdf</subfield></datafield></record>
</metadata></record>