<record><header><identifier>oai:alma.41SLSP_UGE:991000050979705502</identifier><datestamp>2024-04-11T00:28:50Z</datestamp><setSpec>uge_bcen_RapidILL_BOOK</setSpec><setSpec>uge_aaca_RapidILL_BOOK</setSpec><setSpec>uge_abels_RapidILL_BOOK</setSpec><setSpec>uge_dbu_RapidILL_BOOK</setSpec><setSpec>uge_cmu_RapidILL_BOOK</setSpec><setSpec>uge_mail_RapidILL_BOOK</setSpec><setSpec>uge_abbat_RapidILL_BOOK</setSpec><setSpec>UNIGE_ALL</setSpec><setSpec>uge_aobs_RapidILL_BOOK</setSpec><setSpec>uge_acar_RapidILL_BOOK</setSpec></header><metadata>
<record xmlns="http://www.loc.gov/MARC21/slim" xmlns:xsi="http://www.w3.org/2001/XMLSchema-instance" xsi:schemaLocation="http://www.loc.gov/MARC21/slim http://www.loc.gov/standards/marcxml/schema/MARC21slim.xsd"><leader>04672nam a2200769 c 4500</leader><controlfield tag="001">991000050979705502</controlfield><controlfield tag="005">20240410141155.0</controlfield><controlfield tag="008">201011s2011    enk           00| | eng  </controlfield><datafield ind1=" " ind2=" " tag="015"><subfield code="a">GBB092294</subfield><subfield code="2">bnb</subfield></datafield><datafield ind1=" " ind2=" " tag="019"><subfield code="a">Notice analytique</subfield><subfield code="5">RERO/geheid/05.2011</subfield></datafield><datafield ind1=" " ind2=" " tag="020"><subfield code="a">0415565146</subfield><subfield code="c">(hbk.)</subfield></datafield><datafield ind1=" " ind2=" " tag="020"><subfield code="a">9780415565141</subfield><subfield code="c">GBP 75.00</subfield></datafield><datafield ind1=" " ind2=" " tag="035"><subfield code="a">(swissbib)224791834-41slsp_network</subfield></datafield><datafield ind1=" " ind2=" " tag="035"><subfield code="a">224791834</subfield><subfield code="9">ExL</subfield></datafield><datafield ind1=" " ind2=" " tag="035"><subfield code="a">(IDSSG)000532412HSB01</subfield></datafield><datafield ind1=" " ind2=" " tag="035"><subfield code="a">(NEBIS)006292152EBI01</subfield></datafield><datafield ind1=" " ind2=" " tag="035"><subfield code="a">(IDSBB)006115620DSV01</subfield></datafield><datafield ind1=" " ind2=" " tag="035"><subfield code="a">(RERO)R005468543-41slsp</subfield></datafield><datafield ind1=" " ind2=" " tag="035"><subfield code="a">(IDSLU)000919912ILU01</subfield></datafield><datafield ind1=" " ind2=" " tag="035"><subfield code="a">(OCoLC)653082873</subfield></datafield><datafield ind1=" " ind2=" " tag="035"><subfield code="a">(EXLNZ-41SLSP_NETWORK)991025289599705501</subfield></datafield><datafield ind1=" " ind2=" " tag="040"><subfield code="a">UKM</subfield><subfield code="b">ger</subfield><subfield code="e">kids</subfield><subfield code="d">CH-ZuSLS</subfield></datafield><datafield ind1=" " ind2="7" tag="072"><subfield code="a">rw</subfield><subfield code="2">SzZuIDS BS/BE</subfield></datafield><datafield ind1=" " ind2="7" tag="072"><subfield code="a">dr</subfield><subfield code="2">rero</subfield></datafield><datafield ind1=" " ind2="7" tag="072"><subfield code="a">811</subfield><subfield code="2">IDS LU</subfield></datafield><datafield ind1="0" ind2="4" tag="082"><subfield code="a">341.2</subfield><subfield code="2">22</subfield></datafield><datafield ind1="0" ind2="4" tag="082"><subfield code="a">341</subfield><subfield code="2">22</subfield></datafield><datafield ind1="1" ind2="4" tag="082"><subfield code="a">341.2</subfield><subfield code="2">22</subfield></datafield><datafield ind1="1" ind2="4" tag="082"><subfield code="a">340</subfield><subfield code="2">15</subfield></datafield><datafield ind1=" " ind2=" " tag="084"><subfield code="a">D 13 g</subfield><subfield code="2">cjurrom</subfield></datafield><datafield ind1="0" ind2="0" tag="245"><subfield code="a">Participants in the international legal system</subfield><subfield code="b">multiple perspectives on non-state actors in international law</subfield><subfield code="c">edited by Jean d'Aspremont ; foreword by W. Michael Reisman ; presentation by Math Nortmann</subfield></datafield><datafield ind1=" " ind2="1" tag="264"><subfield code="a">London</subfield><subfield code="b">Routledge</subfield><subfield code="c">2011</subfield></datafield><datafield ind1=" " ind2=" " tag="300"><subfield code="a">448 S.</subfield><subfield code="c">24 cm</subfield></datafield><datafield ind1=" " ind2=" " tag="336"><subfield code="b">txt</subfield><subfield code="2">rdacontent</subfield></datafield><datafield ind1=" " ind2=" " tag="337"><subfield code="b">n</subfield><subfield code="2">rdamedia</subfield></datafield><datafield ind1=" " ind2=" " tag="338"><subfield code="b">nc</subfield><subfield code="2">rdacarrier</subfield></datafield><datafield ind1="0" ind2=" " tag="490"><subfield code="a">Routledge research in international law</subfield></datafield><datafield ind1=" " ind2="7" tag="650"><subfield code="a">Internationales Recht</subfield><subfield code="0">(DE-588)4027447-0</subfield><subfield code="2">gnd</subfield></datafield><datafield ind1=" " ind2="7" tag="650"><subfield code="a">Internationale Politik</subfield><subfield code="0">(DE-588)4072885-7</subfield><subfield code="2">gnd</subfield></datafield><datafield ind1=" " ind2="7" tag="650"><subfield code="a">Nichtstaatliche Organisation</subfield><subfield code="2">idszbz</subfield></datafield><datafield ind1=" " ind2="7" tag="650"><subfield code="a">Völkerrecht</subfield><subfield code="2">idszbz</subfield></datafield><datafield ind1=" " ind2="0" tag="650"><subfield code="a">International relations</subfield></datafield><datafield ind1=" " ind2="0" tag="650"><subfield code="a">Non-state actors (International relations)</subfield></datafield><datafield ind1=" " ind2="0" tag="650"><subfield code="a">International law</subfield></datafield><datafield ind1=" " ind2="7" tag="650"><subfield code="a">Nichtstaatlicher Akteur</subfield><subfield code="0">(DE-588)7571456-5</subfield><subfield code="2">gnd</subfield></datafield><datafield ind1=" " ind2="7" tag="650"><subfield code="a">individu</subfield><subfield code="0">(RERO)A010098492</subfield><subfield code="2">rerovoc</subfield></datafield><datafield ind1=" " ind2="7" tag="650"><subfield code="a">organisation non gouvernementale</subfield><subfield code="0">(RERO)A010015540</subfield><subfield code="2">rerovoc</subfield></datafield><datafield ind1=" " ind2="7" tag="650"><subfield code="a">Société civile</subfield><subfield code="0">(IDREF)028697057</subfield><subfield code="2">idref</subfield></datafield><datafield ind1=" " ind2="7" tag="650"><subfield code="a">Droit international</subfield><subfield code="0">(IDREF)050627597</subfield><subfield code="2">idref</subfield></datafield><datafield ind1=" " ind2="7" tag="650"><subfield code="a">Nichtstaatliche Organisation</subfield><subfield code="0">(DE-588)4131014-7</subfield><subfield code="2">gnd</subfield></datafield><datafield ind1=" " ind2="7" tag="650"><subfield code="a">Völkerrecht</subfield><subfield code="0">(DE-588)4063693-8</subfield><subfield code="2">gnd</subfield></datafield><datafield ind1=" " ind2="7" tag="655"><subfield code="a">Aufsatzsammlung</subfield><subfield code="2">idszbz</subfield></datafield><datafield ind1=" " ind2="7" tag="655"><subfield code="a">[Études diverses]</subfield><subfield code="0">(RERO)A022249905</subfield><subfield code="2">rero</subfield></datafield><datafield ind1=" " ind2="7" tag="655"><subfield code="a">Aufsatzsammlung</subfield><subfield code="2">gnd-content</subfield></datafield><datafield ind1=" " ind2=" " tag="690"><subfield code="a">Actor ; International law ; Judicial subject ; Statute ; Lawyer ; Theory ; Scholarship ; Sovereignty ; Justice court ; Participant ; Perspective ; presentation ; Maths ; Semantics ; Constitutionalist ; Participation ; Formation ; Civilization society ; Human Rights ; Human right ; Criminal Law ; Peace ; Security ; Multiple ; Croup ; Dynamic ; Dynamics ; Positivism ; School ; Haven ; Personality question ; North america ; Lesson ; Progressive ; Southeast Asia ; Environment ; Fear ; Gentian ; Tribunal ; Crossing ; Cross ; Telecommunication network ; Public interest ; Community ; Corporate ; Responsibility ; Corporation ; Humanitarian ; guidance ; Identity ; Force ; Dispute ; Pragmatism ; Investment law ; Personality ; Context ; Arbitration ; Environmental Law ; Refugee law ; Impulse response ; EU ; Law enforcement</subfield><subfield code="2">idssg-J</subfield></datafield><datafield ind1=" " ind2=" " tag="690"><subfield code="a">Investor-State ; Law-Enforcement</subfield><subfield code="2">idssg-J</subfield></datafield><datafield ind1=" " ind2=" " tag="690"><subfield code="a">Legal System; NEW YORK; secondary rules; interdisciplinary approach; Contemporary Russian; International Committee; legal system; intergovernmental organization; inclusive law-making</subfield><subfield code="2">idssg-J</subfield></datafield><datafield ind1=" " ind2=" " tag="690"><subfield code="a">southeast Asia [100];  EU [7]; Non-State [100]; State [14]; Supra-State [8]; London [1]; New York [1]</subfield><subfield code="2">idssg-J</subfield></datafield><datafield ind1=" " ind2=" " tag="690"><subfield code="a">Aspremont; Noortmann; outledge; xxxüi; Veritas; vos; liberabit; xxxv; xxxvü; xxxvüi; NOORTMANN; ASPREMONT; communitarian; KAMMERHOFER; ANTHONY; NICOLAS; LEROUX; BACHAND; MALKSOO; GLEIDER; ZYBERI; Institut; de; Droit; FRANCOIS; RIGAUX; ACQUAVIVA; RAPHAEL; STEENBERGHE; NGOs; GAELLE; BRABANDERE; setdement; Rousseauist; MAKANE; MBENGUE; etat; est; moi; legitimacy; DAMIEN; NOORTMANN; ASPREMONT; KAMMERHOFER; ANTHONY; NICOLAS; LEROUX; BACHAND; MALKSOO; GLEIDER; ZYBERI; FRANCOIS; RIGAUX; ACQUAVIVA; RAPHAEL; STEENBERGHE; GAELLE; BRETON; BRABANDERE; E; MAKANE; MBENGUE; DAMIEN</subfield><subfield code="2">idssg-J</subfield></datafield><datafield ind1=" " ind2=" " tag="691"><subfield code="e">PD 20</subfield><subfield code="2">rzs-L1</subfield></datafield><datafield ind1="1" ind2=" " tag="700"><subfield code="a">D'Aspremont, Jean</subfield><subfield code="d">1978-</subfield><subfield code="0">(DE-588)1015885764</subfield></datafield><datafield ind1="1" ind2=" " tag="700"><subfield code="a">D'Aspremont, Jean</subfield><subfield code="c">juriste</subfield><subfield code="d">19..-....</subfield><subfield code="0">(IDREF)120438283</subfield></datafield><datafield ind1="1" ind2=" " tag="700"><subfield code="a">D'Aspremont, Jean</subfield></datafield><datafield ind1="1" ind2=" " tag="700"><subfield code="a">Aspremont, Jean &lt;&lt;d'&gt;&gt;</subfield><subfield code="0">(DE-588)1013427734</subfield></datafield><datafield ind1="4" ind2=" " tag="856"><subfield code="3">Titelblatt und Inhaltsverzeichnis</subfield><subfield code="u">https://toc.library.ethz.ch/objects/pdf/z01_978-0-415-56514-1_01.pdf</subfield><subfield code="q">pdf</subfield></datafield><datafield ind1=" " ind2=" " tag="900"><subfield code="a">IDSZ2zbzmon201106f</subfield><subfield code="c">IDSZ2baeh</subfield><subfield code="d">IDSZ2zbzswk201106b</subfield><subfield code="e">IDSZ2bruu</subfield></datafield><datafield ind1=" " ind2=" " tag="900"><subfield code="a">REROnoselfmerge</subfield></datafield><datafield ind1=" " ind2=" " tag="949"><subfield code="a">https://toc.library.ethz.ch/objects/pdf/z01_978-0-415-56514-1_01.pdf</subfield></datafield></record>
</metadata></record>