<record><header><identifier>oai:alma.41SLSP_UGE:991000044739705502</identifier><datestamp>2023-07-01T00:25:07Z</datestamp><setSpec>uge_bcen_RapidILL_BOOK</setSpec><setSpec>uge_aaca_RapidILL_BOOK</setSpec><setSpec>uge_abels_RapidILL_BOOK</setSpec><setSpec>uge_dbu_RapidILL_BOOK</setSpec><setSpec>uge_cmu_RapidILL_BOOK</setSpec><setSpec>uge_mail_RapidILL_BOOK</setSpec><setSpec>uge_abbat_RapidILL_BOOK</setSpec><setSpec>UNIGE_ALL</setSpec><setSpec>uge_acar_RapidILL_BOOK</setSpec><setSpec>uge_aobs_RapidILL_BOOK</setSpec></header><metadata>
<record xmlns="http://www.loc.gov/MARC21/slim" xmlns:xsi="http://www.w3.org/2001/XMLSchema-instance" xsi:schemaLocation="http://www.loc.gov/MARC21/slim http://www.loc.gov/standards/marcxml/schema/MARC21slim.xsd"><leader>05643nam a2201057 c 4500</leader><controlfield tag="001">991000044739705502</controlfield><controlfield tag="005">20230630130817.0</controlfield><controlfield tag="008">201012t20032003gw ||||| |||| 10| ||ger d</controlfield><datafield ind1=" " ind2=" " tag="015"><subfield code="a">GFR-CIP-03,N26,0227</subfield><subfield code="a">DNB-04,A12,0195</subfield></datafield><datafield ind1="7" ind2=" " tag="016"><subfield code="a">967782414</subfield><subfield code="2">GyFmDB</subfield></datafield><datafield ind1=" " ind2=" " tag="020"><subfield code="a">3170181246</subfield><subfield code="q">kart.</subfield><subfield code="c">EUR 20.00</subfield></datafield><datafield ind1=" " ind2=" " tag="035"><subfield code="a">(swissbib)238719669-41slsp_network</subfield></datafield><datafield ind1=" " ind2=" " tag="035"><subfield code="a">238719669</subfield><subfield code="9">ExL</subfield></datafield><datafield ind1=" " ind2=" " tag="035"><subfield code="a">(RERO)R003575487-41slsp</subfield></datafield><datafield ind1=" " ind2=" " tag="035"><subfield code="a">(IDSBB)003222759DSV01</subfield></datafield><datafield ind1=" " ind2=" " tag="035"><subfield code="a">(IDSSG)000293286HSB01</subfield></datafield><datafield ind1=" " ind2=" " tag="035"><subfield code="a">(IDSLU)000366532ILU01</subfield></datafield><datafield ind1=" " ind2=" " tag="035"><subfield code="a">(NEBIS)004708520EBI01</subfield></datafield><datafield ind1=" " ind2=" " tag="035"><subfield code="a">(DDB)967782414</subfield></datafield><datafield ind1=" " ind2=" " tag="035"><subfield code="a">(EXLNZ-41SLSP_NETWORK)991138224809705501</subfield></datafield><datafield ind1=" " ind2=" " tag="040"><subfield code="a">RERO geuth-</subfield><subfield code="d">CH-ZuSLS</subfield></datafield><datafield ind1=" " ind2=" " tag="044"><subfield code="a">gw</subfield></datafield><datafield ind1=" " ind2="7" tag="072"><subfield code="a">th</subfield><subfield code="2">rero</subfield></datafield><datafield ind1=" " ind2="7" tag="072"><subfield code="a">th</subfield><subfield code="2">SzZuIDS BS/BE</subfield></datafield><datafield ind1=" " ind2="7" tag="072"><subfield code="a">ng</subfield><subfield code="2">SzZuIDS BS/BE</subfield></datafield><datafield ind1=" " ind2="7" tag="072"><subfield code="a">750</subfield><subfield code="2">IDS LU</subfield></datafield><datafield ind1=" " ind2="7" tag="072"><subfield code="a">650</subfield><subfield code="2">IDS LU</subfield></datafield><datafield ind1="0" ind2="4" tag="082"><subfield code="a">306.09</subfield><subfield code="2">22/ger</subfield></datafield><datafield ind1="0" ind2="4" tag="082"><subfield code="a">331.88094</subfield></datafield><datafield ind1="1" ind2="4" tag="082"><subfield code="a">900</subfield><subfield code="2">15</subfield></datafield><datafield ind1=" " ind2=" " tag="084"><subfield code="a">16</subfield><subfield code="a">14</subfield><subfield code="a">12</subfield><subfield code="2">sdnb</subfield></datafield><datafield ind1=" " ind2=" " tag="084"><subfield code="a">BL 5905</subfield><subfield code="2">rvk</subfield></datafield><datafield ind1=" " ind2=" " tag="084"><subfield code="a">NW 8300</subfield><subfield code="2">rvk</subfield></datafield><datafield ind1=" " ind2=" " tag="084"><subfield code="a">NW 8400</subfield><subfield code="2">rvk</subfield></datafield><datafield ind1="0" ind2="0" tag="245"><subfield code="a">Christliche Arbeiterbewegung in Europa 1850-1950</subfield><subfield code="c">Claudia Hiepel, Mark Ruff (Hrsg.)</subfield></datafield><datafield ind1=" " ind2="1" tag="264"><subfield code="a">Stuttgart</subfield><subfield code="b">W. Kohlhammer</subfield><subfield code="c">[2003]</subfield></datafield><datafield ind1=" " ind2="4" tag="264"><subfield code="c">© 2003</subfield></datafield><datafield ind1=" " ind2=" " tag="300"><subfield code="a">239 S.</subfield><subfield code="b">Ill.</subfield><subfield code="c">24 cm</subfield></datafield><datafield ind1=" " ind2=" " tag="336"><subfield code="b">txt</subfield><subfield code="2">rdacontent</subfield></datafield><datafield ind1=" " ind2=" " tag="337"><subfield code="b">n</subfield><subfield code="2">rdamedia</subfield></datafield><datafield ind1=" " ind2=" " tag="338"><subfield code="b">nc</subfield><subfield code="2">rdacarrier</subfield></datafield><datafield ind1="1" ind2=" " tag="490"><subfield code="a">Konfession und Gesellschaft</subfield><subfield code="v">Bd. 30</subfield></datafield><datafield ind1="4" ind2=" " tag="510"><subfield code="a">Historische Zeitschrift. - München. - Band 280, Heft 1(April 2005), S. 489-490 (Klaus Schönhoven)</subfield></datafield><datafield ind1=" " ind2="7" tag="648"><subfield code="a">Geschichte 1850-1950</subfield><subfield code="2">gnd</subfield></datafield><datafield ind1=" " ind2="7" tag="650"><subfield code="a">Christianisme</subfield><subfield code="0">(IDREF)027229955</subfield><subfield code="2">idref</subfield></datafield><datafield ind1=" " ind2="7" tag="650"><subfield code="a">Mouvement ouvrier</subfield><subfield code="0">(IDREF)027240037</subfield><subfield code="2">idref</subfield></datafield><datafield ind1=" " ind2="7" tag="650"><subfield code="a">19e siècle (2e moitié)-20e siècle (1re moitié)</subfield><subfield code="0">(RERO)A023081431</subfield><subfield code="2">rero</subfield></datafield><datafield ind1=" " ind2="7" tag="650"><subfield code="a">Christliche Arbeiterbewegung</subfield><subfield code="z">Europa</subfield><subfield code="y">Geschichte 19. Jh</subfield><subfield code="v">Kongressbericht</subfield><subfield code="2">idsbb</subfield></datafield><datafield ind1=" " ind2="7" tag="650"><subfield code="a">Christliche Arbeiterbewegung</subfield><subfield code="z">Europa</subfield><subfield code="y">Geschichte 20. Jh</subfield><subfield code="v">Kongressbericht</subfield><subfield code="2">idsbb</subfield></datafield><datafield ind1=" " ind2="7" tag="650"><subfield code="a">Christliche Sozialethik</subfield><subfield code="0">(DE-588)4121094-3</subfield><subfield code="2">gnd</subfield></datafield><datafield ind1=" " ind2="7" tag="650"><subfield code="a">Arbeiterbewegung</subfield><subfield code="0">(DE-588)4002581-0</subfield><subfield code="2">gnd</subfield></datafield><datafield ind1=" " ind2="7" tag="650"><subfield code="a">Christliche Arbeiterbewegung</subfield><subfield code="0">(DE-588)4147930-0</subfield><subfield code="2">gnd</subfield></datafield><datafield ind1=" " ind2="7" tag="650"><subfield code="a">Katholische Arbeitnehmerbewegung</subfield><subfield code="0">(DE-588)4029971-5</subfield><subfield code="2">gnd</subfield></datafield><datafield ind1=" " ind2="7" tag="650"><subfield code="a">Katholische Arbeitnehmerbewegung</subfield><subfield code="2">idszbz</subfield></datafield><datafield ind1=" " ind2="7" tag="650"><subfield code="a">Christliche Arbeiterbewegung</subfield><subfield code="2">idszbz</subfield></datafield><datafield ind1=" " ind2="7" tag="650"><subfield code="a">Kongress</subfield><subfield code="0">(DE-588)4130470-6</subfield><subfield code="2">gnd</subfield></datafield><datafield ind1=" " ind2="0" tag="650"><subfield code="a">Catholic Worker Movement</subfield><subfield code="v">Congresses</subfield></datafield><datafield ind1=" " ind2="0" tag="650"><subfield code="a">Church and social problems</subfield><subfield code="v">Congresses</subfield><subfield code="x">Catholic Church</subfield></datafield><datafield ind1=" " ind2="0" tag="650"><subfield code="a">Labor movement</subfield><subfield code="v">Congresses</subfield><subfield code="x">Religious aspects</subfield><subfield code="x">Christianity</subfield></datafield><datafield ind1=" " ind2="0" tag="650"><subfield code="a">Labor unions</subfield><subfield code="x">Religious aspects</subfield><subfield code="x">Christianity</subfield><subfield code="v">Congresses</subfield></datafield><datafield ind1=" " ind2="0" tag="650"><subfield code="a">Labor unions</subfield><subfield code="z">Europe</subfield><subfield code="v">Congresses</subfield></datafield><datafield ind1=" " ind2="0" tag="650"><subfield code="a">Labor unions</subfield><subfield code="z">Europe</subfield><subfield code="x">Religious aspects</subfield><subfield code="x">Christianity</subfield><subfield code="v">Congresses</subfield></datafield><datafield ind1=" " ind2="0" tag="650"><subfield code="a">Labor</subfield><subfield code="z">Europe</subfield><subfield code="x">Religious aspects</subfield><subfield code="x">Christianity</subfield><subfield code="v">Congresses</subfield></datafield><datafield ind1=" " ind2="7" tag="650"><subfield code="a">ARBEITERBEWEGUNGEN/IN EINZELNEN LÄNDERN (POLITISCHE BEWEGUNGEN)</subfield><subfield code="9">ger</subfield><subfield code="0">(ETHUDK)000056621</subfield><subfield code="2">ethudk</subfield></datafield><datafield ind1=" " ind2="7" tag="650"><subfield code="a">ARBEITERGESCHICHTE (SOZIOLOGIE)</subfield><subfield code="9">ger</subfield><subfield code="0">(ETHUDK)000057104</subfield><subfield code="2">ethudk</subfield></datafield><datafield ind1=" " ind2="7" tag="650"><subfield code="a">EUROPA</subfield><subfield code="9">ger</subfield><subfield code="0">(ETHUDK)000001583</subfield><subfield code="2">ethudk</subfield></datafield><datafield ind1=" " ind2="7" tag="650"><subfield code="a">RELIGIÖSER SOZIALISMUS + CHRISTLICH-SOZIALE BEWEGUNGEN (POLITIK)</subfield><subfield code="9">ger</subfield><subfield code="0">(ETHUDK)000057994</subfield><subfield code="2">ethudk</subfield></datafield><datafield ind1=" " ind2="7" tag="650"><subfield code="a">&quot;1850/1950&quot;</subfield><subfield code="2">ethudk</subfield></datafield><datafield ind1=" " ind2="7" tag="651"><subfield code="a">Europe</subfield><subfield code="0">(IDREF)027224651</subfield><subfield code="2">idref</subfield></datafield><datafield ind1=" " ind2="7" tag="651"><subfield code="a">Europa</subfield><subfield code="0">(DE-588)4015701-5</subfield><subfield code="2">gnd</subfield></datafield><datafield ind1=" " ind2="7" tag="651"><subfield code="a">Europa</subfield><subfield code="2">idszbz</subfield></datafield><datafield ind1=" " ind2="7" tag="651"><subfield code="a">Den Haag</subfield><subfield code="0">(DE-588)4011446-6</subfield><subfield code="2">gnd</subfield></datafield><datafield ind1=" " ind2="0" tag="651"><subfield code="a">Europa</subfield><subfield code="x">Christliche Arbeiterbewegung</subfield><subfield code="x">Kongress</subfield><subfield code="y">Den Haag 2002</subfield><subfield code="z">Geschichte 1850-1950</subfield></datafield><datafield ind1=" " ind2="0" tag="651"><subfield code="a">Europa</subfield><subfield code="x">Katholische Arbeitnehmerbewegung</subfield><subfield code="x">Kongress</subfield><subfield code="y">Den Haag 2002</subfield><subfield code="z">Geschichte 1850-1950</subfield></datafield><datafield ind1=" " ind2="7" tag="655"><subfield code="a">[Études diverses]</subfield><subfield code="0">(RERO)A022249905</subfield><subfield code="2">rero</subfield></datafield><datafield ind1=" " ind2="7" tag="655"><subfield code="a">Konferenzschrift</subfield><subfield code="z">s-Gravenhage</subfield><subfield code="y">2002</subfield><subfield code="2">gnd-content</subfield></datafield><datafield ind1=" " ind2="7" tag="655"><subfield code="a">Konferenzschrift</subfield><subfield code="z">Den Haag</subfield><subfield code="y">2002</subfield><subfield code="2">gnd-content</subfield></datafield><datafield ind1=" " ind2="7" tag="655"><subfield code="a">Aufsatzsammlung</subfield><subfield code="2">gnd-content</subfield></datafield><datafield ind1=" " ind2="7" tag="655"><subfield code="a">Konferenzschrift</subfield><subfield code="2">gnd-content</subfield></datafield><datafield ind1=" " ind2=" " tag="690"><subfield code="a">Arbeiterbewegung; Arbeiterverein; Geschichtsschreibung; Belgien; Bundesrepublik; Katholik; Schweiz; Sorgenkind; Einleitung; christliche Soziallehre</subfield><subfield code="2">idssg-J</subfield></datafield><datafield ind1=" " ind2=" " tag="690"><subfield code="a">WestDeutschland; Ausnahmeerscheinung; Arbeiterjugend; Arbeiterorganisation; Milieuidentität</subfield><subfield code="2">idssg-J</subfield></datafield><datafield ind1=" " ind2=" " tag="690"><subfield code="a">belgische Arbeiterbewegung; adoptiertes Kind; christliche Arbeiterbewegung; christliche Arbeiterjugend; christliche Arbeiterorganisation; freiburger Union; frühe Bundesrepublik; katholischer Arbeiter; katholische Arbeiterbewegung; katholischer Arbeiterverein; katholische Soziallehre; protestantische Arbeiterbewegung; soziale Umgestaltung</subfield><subfield code="2">idssg-J</subfield></datafield><datafield ind1=" " ind2=" " tag="690"><subfield code="a">Belgien C4EUBL; Niederlande C4EUNE; Europa C4E; Schweiz C4EXSI; Frankreich C4EUFR; Italien C4EUIT; Deutschland C4EUGE; Nordrhein-Westfalen C4EUGE</subfield><subfield code="2">idssg-J</subfield></datafield><datafield ind1=" " ind2=" " tag="690"><subfield code="a">Alfredo Canavero; Arno Bornebroek; Bruno Duriez; Carl Strikwerda; christlich Arbeiterbewegung Europa; Claudia Hiepel; James Bjork; Jan De Maeyer; Jan Peet; katholisch Soziallehre Christliche Arbeiterorganisationen; Mark Edward Ruff; Mark Ruff; Michaela Bachem; Norbert Friedrich Zwischen; Rehm Katholische Arbeitervereine; Urs Altermatt Franziska Metzger Katholische Arbeiter</subfield><subfield code="2">idssg-J</subfield></datafield><datafield ind1="1" ind2=" " tag="700"><subfield code="a">Hiepel, Claudia</subfield><subfield code="d">1967-2023</subfield><subfield code="0">(DE-588)128710195</subfield><subfield code="6">880-02</subfield></datafield><datafield ind1="1" ind2=" " tag="880"><subfield code="6">700-02</subfield><subfield code="a">Hiepel, Claudia</subfield><subfield code="d">1967-....</subfield><subfield code="0">(IDREF)110543130</subfield></datafield><datafield ind1="4" ind2=" " tag="856"><subfield code="u">https://tools.unisg.ch/url/hm00094336</subfield><subfield code="z">Inhaltsverzeichnis</subfield></datafield><datafield ind1=" " ind2="0" tag="830"><subfield code="a">Konfession und Gesellschaft</subfield><subfield code="v">30</subfield><subfield code="w">(IDSSG)000294705HSB01</subfield></datafield><datafield ind1=" " ind2="0" tag="830"><subfield code="a">Konfession und Gesellschaft</subfield><subfield code="p">W. Kohlhammer</subfield><subfield code="v">30</subfield><subfield code="w">(RERO)1485557-41slsp</subfield></datafield><datafield ind1=" " ind2=" " tag="900"><subfield code="a">IDSE5E19ANH-2004</subfield></datafield><datafield ind1=" " ind2=" " tag="900"><subfield code="a">IDSZ2zbzmon200407f</subfield><subfield code="c">IDSZ2buch</subfield><subfield code="d">IDSZ2zbzswk200407b</subfield><subfield code="e">IDSZ2haag</subfield></datafield><datafield ind1=" " ind2=" " tag="949"><subfield code="a">https://tools.unisg.ch/url/hm00094336</subfield></datafield></record>
</metadata></record>