<record><header><identifier>oai:alma.41SLSP_UGE:991000044209705502</identifier><datestamp>2024-07-12T00:07:45Z</datestamp><setSpec>uge_bcen_RapidILL_BOOK</setSpec><setSpec>uge_aaca_RapidILL_BOOK</setSpec><setSpec>uge_abels_RapidILL_BOOK</setSpec><setSpec>uge_dbu_RapidILL_BOOK</setSpec><setSpec>uge_cmu_RapidILL_BOOK</setSpec><setSpec>uge_mail_RapidILL_BOOK</setSpec><setSpec>uge_abbat_RapidILL_BOOK</setSpec><setSpec>UNIGE_ALL</setSpec><setSpec>uge_aobs_RapidILL_BOOK</setSpec><setSpec>uge_acar_RapidILL_BOOK</setSpec></header><metadata>
<record xmlns="http://www.loc.gov/MARC21/slim" xmlns:xsi="http://www.w3.org/2001/XMLSchema-instance" xsi:schemaLocation="http://www.loc.gov/MARC21/slim http://www.loc.gov/standards/marcxml/schema/MARC21slim.xsd"><leader>01825nam a2200337 c 4500</leader><controlfield tag="001">991000044209705502</controlfield><controlfield tag="005">20240314024416.0</controlfield><controlfield tag="008">050726s1566    sz ||||| |||| 00| ||lat d</controlfield><datafield ind1=" " ind2=" " tag="035"><subfield code="a">(swissbib)102205981-41slsp_network</subfield></datafield><datafield ind1=" " ind2=" " tag="035"><subfield code="a">102205981</subfield><subfield code="9">ExL</subfield></datafield><datafield ind1=" " ind2=" " tag="035"><subfield code="a">(RERO)R003880915-41slsp</subfield></datafield><datafield ind1=" " ind2=" " tag="035"><subfield code="a">(EXLNZ-41SLSP_NETWORK)991152505899705501</subfield></datafield><datafield ind1=" " ind2=" " tag="040"><subfield code="a">RERO geuchr</subfield><subfield code="d">CH-ZuSLS</subfield></datafield><datafield ind1=" " ind2=" " tag="044"><subfield code="a">sz</subfield><subfield code="c">ch-bs</subfield></datafield><datafield ind1=" " ind2="7" tag="072"><subfield code="a">ht</subfield><subfield code="2">rero</subfield></datafield><datafield ind1=" " ind2=" " tag="084"><subfield code="a">567.A</subfield><subfield code="2">brp</subfield></datafield><datafield ind1="1" ind2=" " tag="100"><subfield code="a">Gast, Johann</subfield><subfield code="d">....-1552?</subfield><subfield code="0">(IDREF)029098556</subfield><subfield code="4">cre</subfield></datafield><datafield ind1="1" ind2="0" tag="245"><subfield code="a">Tomus primus[-tertius] convivalium sermonum</subfield><subfield code="b">utilibus ac jucundis historiis et sententiis, omni fere de re, quae in sermonem, apud amicos in dulci conviviolo, incidere potest, refertus, ex optimis, et probatissimus [sic] autoribus magno labore et collectus et iam quarto recognitus et auctus</subfield></datafield><datafield ind1=" " ind2="1" tag="264"><subfield code="a">Basileae</subfield><subfield code="b">[héritiers de Nikolaus Brylinger?]</subfield><subfield code="c">1566</subfield></datafield><datafield ind1=" " ind2=" " tag="300"><subfield code="a">3 t. en 1 vol. (319, [1] p.)([2], 380, [2] p.)([2], 205, [1] p.)</subfield><subfield code="c">8° (16 cm)</subfield></datafield><datafield ind1=" " ind2=" " tag="336"><subfield code="b">txt</subfield><subfield code="2">rdacontent</subfield></datafield><datafield ind1=" " ind2=" " tag="337"><subfield code="b">n</subfield><subfield code="2">rdamedia</subfield></datafield><datafield ind1=" " ind2=" " tag="338"><subfield code="b">nc</subfield><subfield code="2">rdacarrier</subfield></datafield><datafield ind1=" " ind2=" " tag="500"><subfield code="a">Epître dédicatoire signée Johannes Gastius Brisacensis, et datée Basileae, M.D.XLIII</subfield></datafield><datafield ind1=" " ind2=" " tag="500"><subfield code="a">Titre des 2e et 3e parties : Tomus secundus [-tertius] convivalium sermonum, partim ex probatissimis historiographis, partim exemplis innumeris, quae nostro seculo acciderunt, congestus, omnibus verarum virtutum studiosis utilissimus</subfield></datafield><datafield ind1=" " ind2=" " tag="500"><subfield code="a">Sig. a-u⁸, a-z⁸, A⁸ [A₈ blanc], a-n⁸</subfield></datafield><datafield ind1=" " ind2=" " tag="500"><subfield code="a">Empreinte du t. 1 dod/ e.m. Fua- goOt (3) M.D.LXVI.</subfield></datafield><datafield ind1=" " ind2=" " tag="500"><subfield code="a">Empreinte du t. 2 t,os s.e- n/ui cipo (3) M.D.LXVI.</subfield></datafield><datafield ind1=" " ind2=" " tag="500"><subfield code="a">Empreinte du t. 3 ero- riue a-m, ceag (3) M.D.LXVI.</subfield></datafield><datafield ind1="1" ind2=" " tag="700"><subfield code="a">Brylinger, Nicolaus</subfield><subfield code="d">fl. 1537-1565</subfield><subfield code="c">héritiers</subfield><subfield code="0">(RERO)A012370645</subfield><subfield code="4">prt</subfield></datafield><datafield ind1=" " ind2=" " tag="751"><subfield code="a">Bâle-Ville (Suisse)</subfield><subfield code="4">pup</subfield><subfield code="0">(IDREF)027275922</subfield></datafield><datafield ind1=" " ind2=" " tag="900"><subfield code="a">REROswissbibnomerge</subfield></datafield><datafield ind1=" " ind2=" " tag="993"><subfield code="a">IHR O 713</subfield><subfield code="x">ge/uihr/4408</subfield><subfield code="9">LOCAL</subfield></datafield></record>
</metadata></record>