<record><header><identifier>oai:alma.41SLSP_UGE:991000044939705502</identifier><datestamp>2023-07-03T00:42:27Z</datestamp><setSpec>uge_bcen_RapidILL_BOOK</setSpec><setSpec>uge_aaca_RapidILL_BOOK</setSpec><setSpec>uge_abels_RapidILL_BOOK</setSpec><setSpec>uge_dbu_RapidILL_BOOK</setSpec><setSpec>uge_cmu_RapidILL_BOOK</setSpec><setSpec>uge_mail_RapidILL_BOOK</setSpec><setSpec>uge_abbat_RapidILL_BOOK</setSpec><setSpec>UNIGE_ALL</setSpec><setSpec>uge_aobs_RapidILL_BOOK</setSpec><setSpec>uge_acar_RapidILL_BOOK</setSpec></header><metadata>
<record xmlns="http://www.loc.gov/MARC21/slim" xmlns:xsi="http://www.w3.org/2001/XMLSchema-instance" xsi:schemaLocation="http://www.loc.gov/MARC21/slim http://www.loc.gov/standards/marcxml/schema/MARC21slim.xsd"><leader>06966nam a2200985 c 4500</leader><controlfield tag="001">991000044939705502</controlfield><controlfield tag="005">20230702062449.0</controlfield><controlfield tag="008">201012s2004    gw ||||| |||| 00| ||eng d</controlfield><datafield ind1=" " ind2=" " tag="015"><subfield code="a">GFR-DNB-04,N32,0280</subfield></datafield><datafield ind1="7" ind2=" " tag="016"><subfield code="a">971743142</subfield><subfield code="2">GyFmDB</subfield></datafield><datafield ind1=" " ind2=" " tag="020"><subfield code="a">3515083790</subfield><subfield code="c">Gb. : EUR 60.00, sfr 96.00</subfield></datafield><datafield ind1=" " ind2=" " tag="035"><subfield code="a">(swissbib)239269403-41slsp_network</subfield></datafield><datafield ind1=" " ind2=" " tag="035"><subfield code="a">239269403</subfield><subfield code="9">ExL</subfield></datafield><datafield ind1=" " ind2=" " tag="035"><subfield code="a">(RERO)R003768104-41slsp</subfield></datafield><datafield ind1=" " ind2=" " tag="035"><subfield code="a">(IDSBB)003461490DSV01</subfield></datafield><datafield ind1=" " ind2=" " tag="035"><subfield code="a">(IDSSG)000313534HSB01</subfield></datafield><datafield ind1=" " ind2=" " tag="035"><subfield code="a">(NEBIS)004913198EBI01</subfield></datafield><datafield ind1=" " ind2=" " tag="035"><subfield code="a">(DDB)971743142</subfield></datafield><datafield ind1=" " ind2=" " tag="035"><subfield code="a">(EXLNZ-41SLSP_NETWORK)991085921579705501</subfield></datafield><datafield ind1=" " ind2=" " tag="040"><subfield code="a">RERO geulsa</subfield><subfield code="d">CH-ZuSLS</subfield></datafield><datafield ind1="0" ind2=" " tag="041"><subfield code="a">eng</subfield><subfield code="a">ger</subfield></datafield><datafield ind1=" " ind2="7" tag="072"><subfield code="a">ha</subfield><subfield code="2">rero</subfield></datafield><datafield ind1=" " ind2="7" tag="072"><subfield code="a">ag</subfield><subfield code="2">SzZuIDS BS/BE</subfield></datafield><datafield ind1=" " ind2="7" tag="072"><subfield code="a">ao</subfield><subfield code="2">SzZuIDS BS/BE</subfield></datafield><datafield ind1="0" ind2="0" tag="082"><subfield code="a">382/.093</subfield><subfield code="2">22</subfield></datafield><datafield ind1="0" ind2="4" tag="082"><subfield code="a">382 .093</subfield><subfield code="2">22</subfield></datafield><datafield ind1="1" ind2="4" tag="082"><subfield code="a">930</subfield><subfield code="2">15</subfield></datafield><datafield ind1=" " ind2=" " tag="084"><subfield code="a">6,21;6,22</subfield><subfield code="a">6,14</subfield><subfield code="a">6,22</subfield><subfield code="2">ssgn</subfield></datafield><datafield ind1=" " ind2=" " tag="084"><subfield code="a">NG 1700</subfield><subfield code="2">rvk</subfield></datafield><datafield ind1=" " ind2=" " tag="084"><subfield code="a">NG 2400</subfield><subfield code="2">rvk</subfield></datafield><datafield ind1=" " ind2=" " tag="084"><subfield code="a">NH 5285</subfield><subfield code="2">rvk</subfield></datafield><datafield ind1=" " ind2=" " tag="084"><subfield code="a">NH 6860</subfield><subfield code="2">rvk</subfield></datafield><datafield ind1=" " ind2=" " tag="084"><subfield code="a">QF 100</subfield><subfield code="2">rvk</subfield></datafield><datafield ind1="0" ind2="0" tag="245"><subfield code="a">Commerce and monetary systems in the Ancient World</subfield><subfield code="b">means of transmission and cultural interaction : proceedings of the fifth annual symposium of the Assyrian and Babylonian Intellectual Heritage Project held in Innsbruck, Austria, October 3rd-8th, 2002</subfield><subfield code="c">ed. by Robert Rollinger and Christoph Ulf ; with the collab. of Kordula Schnegg</subfield></datafield><datafield ind1=" " ind2="1" tag="264"><subfield code="a">Stuttgart</subfield><subfield code="b">F. Steiner</subfield><subfield code="c">2004</subfield></datafield><datafield ind1=" " ind2=" " tag="300"><subfield code="a">561 p.</subfield><subfield code="b">ill.</subfield><subfield code="c">25 cm</subfield></datafield><datafield ind1=" " ind2=" " tag="336"><subfield code="b">txt</subfield><subfield code="2">rdacontent</subfield></datafield><datafield ind1=" " ind2=" " tag="337"><subfield code="b">n</subfield><subfield code="2">rdamedia</subfield></datafield><datafield ind1=" " ind2=" " tag="338"><subfield code="b">nc</subfield><subfield code="2">rdacarrier</subfield></datafield><datafield ind1="1" ind2=" " tag="490"><subfield code="a">Melammu symposia</subfield><subfield code="v">5</subfield></datafield><datafield ind1="1" ind2=" " tag="490"><subfield code="a">Oriens et occidens</subfield><subfield code="v">Bd. 6</subfield></datafield><datafield ind1=" " ind2=" " tag="500"><subfield code="a">Beiträge engl. oder deutsch, einer ital.</subfield></datafield><datafield ind1=" " ind2=" " tag="500"><subfield code="a">Beitr. teilw. dt., teilw. engl. - Literaturangaben</subfield></datafield><datafield ind1=" " ind2="7" tag="648"><subfield code="a">Geschichte</subfield><subfield code="2">gnd</subfield></datafield><datafield ind1=" " ind2="7" tag="650"><subfield code="a">Commerce</subfield><subfield code="0">(IDREF)02773563X</subfield><subfield code="2">idref</subfield></datafield><datafield ind1=" " ind2="7" tag="650"><subfield code="a">système monétaire</subfield><subfield code="0">(RERO)A009957570</subfield><subfield code="2">rerovoc</subfield></datafield><datafield ind1=" " ind2="7" tag="650"><subfield code="a">Antiquité</subfield><subfield code="0">(IDREF)027789888</subfield><subfield code="2">idref</subfield></datafield><datafield ind1=" " ind2="7" tag="650"><subfield code="a">Handelspolitik</subfield><subfield code="y">Geschichte Altertum</subfield><subfield code="v">Kongressbericht</subfield><subfield code="2">idsbb</subfield></datafield><datafield ind1=" " ind2="7" tag="650"><subfield code="a">Währung</subfield><subfield code="y">Geschichte Altertum</subfield><subfield code="v">Kongressbericht</subfield><subfield code="2">idsbb</subfield></datafield><datafield ind1=" " ind2="7" tag="650"><subfield code="a">Wirtschaftstheorien</subfield><subfield code="y">Geschichte Altertum</subfield><subfield code="v">Kongressbericht</subfield><subfield code="2">idsbb</subfield></datafield><datafield ind1=" " ind2="7" tag="650"><subfield code="a">Antike</subfield><subfield code="0">(DE-588)4068754-5</subfield><subfield code="2">gnd</subfield></datafield><datafield ind1=" " ind2="7" tag="650"><subfield code="a">Währungssystem</subfield><subfield code="0">(DE-588)4121891-7</subfield><subfield code="2">gnd</subfield></datafield><datafield ind1=" " ind2="7" tag="650"><subfield code="a">Handelspolitik</subfield><subfield code="0">(DE-588)4023248-7</subfield><subfield code="2">gnd</subfield></datafield><datafield ind1=" " ind2="7" tag="650"><subfield code="a">Wirtschaftstheorie</subfield><subfield code="0">(DE-588)4079351-5</subfield><subfield code="2">gnd</subfield></datafield><datafield ind1=" " ind2="7" tag="650"><subfield code="a">Antike</subfield><subfield code="2">idszbz</subfield></datafield><datafield ind1=" " ind2="7" tag="650"><subfield code="a">Handelspolitik</subfield><subfield code="2">idszbz</subfield></datafield><datafield ind1=" " ind2="7" tag="650"><subfield code="a">Wirtschaftstheorie</subfield><subfield code="2">idszbz</subfield></datafield><datafield ind1=" " ind2="7" tag="650"><subfield code="a">Währungssystem</subfield><subfield code="2">idszbz</subfield></datafield><datafield ind1=" " ind2="0" tag="650"><subfield code="a">Civilization, Ancient</subfield><subfield code="v">Congresses</subfield></datafield><datafield ind1=" " ind2="0" tag="650"><subfield code="a">Commerce</subfield><subfield code="x">History</subfield><subfield code="y">To 500</subfield><subfield code="v">Congresses</subfield></datafield><datafield ind1=" " ind2="0" tag="650"><subfield code="a">Commerce</subfield><subfield code="x">History</subfield><subfield code="y">To 500</subfield><subfield code="x">Congresses</subfield></datafield><datafield ind1=" " ind2="0" tag="650"><subfield code="a">Culture diffusion</subfield><subfield code="z">Mediterranean Region</subfield><subfield code="v">Congresses</subfield></datafield><datafield ind1=" " ind2="0" tag="650"><subfield code="a">Economic history</subfield><subfield code="y">To 500</subfield><subfield code="v">Congresses</subfield></datafield><datafield ind1=" " ind2="0" tag="650"><subfield code="a">Money</subfield><subfield code="x">History</subfield><subfield code="y">To 1500</subfield><subfield code="v">Congresses</subfield></datafield><datafield ind1=" " ind2="0" tag="651"><subfield code="a">Middle East</subfield><subfield code="x">Civilization</subfield><subfield code="v">Congresses</subfield></datafield><datafield ind1=" " ind2="7" tag="655"><subfield code="a">Actes de congrès</subfield><subfield code="0">(IDREF)02886431X</subfield><subfield code="2">idref</subfield></datafield><datafield ind1=" " ind2="7" tag="655"><subfield code="a">Konferenzschrift</subfield><subfield code="z">Innsbruck</subfield><subfield code="y">2002</subfield><subfield code="2">gnd-content</subfield></datafield><datafield ind1=" " ind2="7" tag="655"><subfield code="a">Konferenzschrift</subfield><subfield code="2">gnd-content</subfield></datafield><datafield ind1=" " ind2=" " tag="690"><subfield code="a">Commerce; Register; Tagung; First; Weltsystem; Handelspolitik; Alkaios; Arslan; Baruch; Case; Engelbert; Ethnic; Europos; Rome; Quelle; Wirtschaftstheorie; Programm; Demand; Kopeke; Luther; Sommer; Organisation; Transfer; Assyrien; Babylonien; Ägypten; Gestaltung; Kontrolle; Verzeichnis; Aktualität; Austausch; Carrier; Einleitung; Feind; Held; Invalidenversicherung; Peripherie; Sklaverei; Tradition; Verkehr; kulturelle Beziehungen; Aspekt; Autor; Dom; Geld; Index; Kaiser; Keller; Rom; Vorgeschichte; Wirtschaftsethnologie; Wirtschaftsordnung</subfield><subfield code="2">idssg-J</subfield></datafield><datafield ind1=" " ind2=" " tag="690"><subfield code="a">Personenregister; Fernhandel; Euphrathandel; Inhaltsverzeichnis; Kulturtransfer; Melammu-Meeting; First-Millennium; Geldentstehung; Geldverkehrssystem; Grundzug; Güteraustausch; Kaiserzeit; Kingdom; Marktorganisation; Orientierungsmuster; Preisbildung; Steinkeller</subfield><subfield code="2">idssg-J</subfield></datafield><datafield ind1=" " ind2=" " tag="690"><subfield code="a">homerische Welt; alte Welt; altmesopotamische Schule; altorientalische Welt; antikes Geldverkehrssystem; assyrische Handelspolitik; erstes Jahrtausend; faszinierender Feind; griechische Archaik; interkontinentaler Fernhandel; interpretativ Strategies; klassische Antike; konkurrierende Theorie; kulturelles Orientierungsmuster; mittlerer Euphrat; palmyrenischer Fernhandel; politischer Status; privat Economic; römische Kaiserzeit; sozio-ökonomischer Hintergrund; spezieller Aspekt; unabhängiges Handelszentrum; vergleichende Betrachtung; überregionale Verbreitung</subfield><subfield code="2">idssg-J</subfield></datafield><datafield ind1=" " ind2=" " tag="690"><subfield code="a">Mesopotamien; Österreich C4EUAU; Welt C00WOR; Libanon C7LEBA; Iran C7IRAN; Ägypten C7EGYP; Italien C4EUIT; Frankreich C4EUFR; Griechenland C4EUGR; Syrien C7SYRI</subfield><subfield code="2">idssg-J</subfield></datafield><datafield ind1=" " ind2=" " tag="690"><subfield code="a">Andrea Gariboldi; Andrea Luther; Antonio Panaino; Archaic Greek Aristocrats; Archaic Greek Aristocrats Carriers of Cultural Interaction; Archilochos; Arslan Tash; Astrid Möller; Astronomical Reflexes Ancient Coins; Babylonian Intellectual Heritage Project; Babylonian Intellectual Heritage Project Held Innsbruck; Babylonian Kingdoms within the Greek Tradition; Between Social Identity; Burkhard; Coinage on the Ancient; Conflicts of Religions; Contents of the volumes; Della Terra Santa nell; Dura- Europos; Economic Activity; Economic Theories Applied to; Economic Theory Engelbert Theurl; Einleitung Introduction Robert Rollinger; Ethnic Minorities; Fabio Martelli; For Late Antique Paganism; griechisch Archaik Greek Archaic David Tandy; Günter Kopeke; Hanne D. Galter; Hans Georg Niemeyer; Hella Achämeniden; Herbert Graßl; Inhaltsverzeichnis Contents Symposium Programm; Jaakko Hämeen; Jahrtausend Mesopotamia the Third Millennium; Josef Wiesehöfer; KORDULA SCHNEGG MELAMMU; Karl Polanyis; klassisch Antike Economic Theories Applied to Classical Antiquity; Kurt A. Raaflaub; Manfred Schretter; Marc Van De Mieroop; Meißner; Mesopotamia the Third; Michael Jursa; Michael Sommer; Monetary Systems the Ancient World; Morris Silver</subfield><subfield code="2">idssg-J</subfield></datafield><datafield ind1="1" ind2=" " tag="700"><subfield code="a">Ulf, Christoph</subfield><subfield code="d">1949-....</subfield><subfield code="0">(IDREF)028432398</subfield></datafield><datafield ind1="1" ind2=" " tag="700"><subfield code="a">Schnegg, Kordula</subfield><subfield code="d">1975-....</subfield><subfield code="0">(IDREF)119611481</subfield></datafield><datafield ind1="1" ind2=" " tag="700"><subfield code="a">Rollinger, Robert</subfield><subfield code="d">1964-</subfield><subfield code="0">(DE-588)113339895</subfield><subfield code="6">880-04</subfield></datafield><datafield ind1="1" ind2=" " tag="880"><subfield code="6">700-04</subfield><subfield code="a">Rollinger, Robert</subfield><subfield code="d">1964-....</subfield><subfield code="0">(IDREF)05697437X</subfield></datafield><datafield ind1="2" ind2=" " tag="710"><subfield code="a">Assyrian and Babylonian Intellectual Heritage Project</subfield><subfield code="b">Annual symposium</subfield><subfield code="0">(DE-588)108626066X</subfield></datafield><datafield ind1="2" ind2=" " tag="710"><subfield code="a">Assyrian and Babylonian Intellectual Heritage Project</subfield><subfield code="b">Symposium</subfield><subfield code="n">5</subfield><subfield code="d">2002</subfield><subfield code="c">Innsbruck</subfield><subfield code="0">(RERO)A012438932</subfield></datafield><datafield ind1="2" ind2=" " tag="711"><subfield code="a">Assyrian and Babylonian Intellectual Heritage Project</subfield><subfield code="e">Annual Symposium</subfield><subfield code="0">(DE-588)1091755566</subfield></datafield><datafield ind1="4" ind2=" " tag="856"><subfield code="u">https://tools.unisg.ch/url/hm00119335</subfield><subfield code="z">Inhaltsverzeichnis</subfield></datafield><datafield ind1=" " ind2="0" tag="830"><subfield code="a">Oriens et Occidens</subfield><subfield code="v">6</subfield><subfield code="w">(NEBIS)004063311EBI01</subfield></datafield><datafield ind1=" " ind2="0" tag="830"><subfield code="a">Oriens et occidens</subfield><subfield code="v">6</subfield><subfield code="w">(RERO)R003067287-41slsp</subfield></datafield><datafield ind1=" " ind2="0" tag="830"><subfield code="a">Melammu symposia</subfield><subfield code="v">5</subfield><subfield code="w">(RERO)R003045156-41slsp</subfield></datafield><datafield ind1=" " ind2=" " tag="900"><subfield code="a">IDSZ2zbzmon200505f</subfield><subfield code="c">IDSZ2baeh</subfield><subfield code="d">IDSZ2zbzswk200505b</subfield><subfield code="e">IDSZ2stet</subfield></datafield><datafield ind1=" " ind2=" " tag="949"><subfield code="a">https://tools.unisg.ch/url/hm00119335</subfield></datafield></record>
</metadata></record>