<record><header><identifier>oai:alma.41SLSP_UGE:991000050479705502</identifier><datestamp>2024-11-13T01:08:18Z</datestamp><setSpec>uge_bcen_RapidILL_BOOK</setSpec><setSpec>uge_aaca_RapidILL_BOOK</setSpec><setSpec>uge_abels_RapidILL_BOOK</setSpec><setSpec>uge_dbu_RapidILL_BOOK</setSpec><setSpec>uge_cmu_RapidILL_BOOK</setSpec><setSpec>uge_mail_RapidILL_BOOK</setSpec><setSpec>uge_abbat_RapidILL_BOOK</setSpec><setSpec>UNIGE_ALL</setSpec><setSpec>uge_aobs_RapidILL_BOOK</setSpec><setSpec>uge_acar_RapidILL_BOOK</setSpec></header><metadata>
<record xmlns="http://www.loc.gov/MARC21/slim" xmlns:xsi="http://www.w3.org/2001/XMLSchema-instance" xsi:schemaLocation="http://www.loc.gov/MARC21/slim http://www.loc.gov/standards/marcxml/schema/MARC21slim.xsd"><leader>01969nam a2200529 c 4500</leader><controlfield tag="001">991000050479705502</controlfield><controlfield tag="005">20230224180527.0</controlfield><controlfield tag="008">201011s1972    gw ||||| |||| 00| ||ger d</controlfield><datafield ind1=" " ind2=" " tag="020"><subfield code="a">3782002539</subfield></datafield><datafield ind1=" " ind2=" " tag="035"><subfield code="a">(swissbib)221393374-41slsp_network</subfield></datafield><datafield ind1=" " ind2=" " tag="035"><subfield code="a">221393374</subfield><subfield code="9">ExL</subfield></datafield><datafield ind1=" " ind2=" " tag="035"><subfield code="a">(RERO)0958496-41slsp</subfield></datafield><datafield ind1=" " ind2=" " tag="035"><subfield code="a">(IDSBB)000379303DSV01</subfield></datafield><datafield ind1=" " ind2=" " tag="035"><subfield code="a">(NEBIS)003198409EBI01</subfield></datafield><datafield ind1=" " ind2=" " tag="035"><subfield code="a">(EXLNZ-41SLSP_NETWORK)991009591369705501</subfield></datafield><datafield ind1=" " ind2=" " tag="040"><subfield code="a">RERO labcud</subfield><subfield code="d">CH-ZuSLS</subfield></datafield><datafield ind1=" " ind2="7" tag="072"><subfield code="a">th</subfield><subfield code="2">rero</subfield></datafield><datafield ind1=" " ind2="7" tag="072"><subfield code="a">th</subfield><subfield code="2">SzZuIDS BS/BE</subfield></datafield><datafield ind1="1" ind2=" " tag="080"><subfield code="a">226.4</subfield></datafield><datafield ind1="0" ind2="4" tag="082"><subfield code="a">248.4 BEU</subfield></datafield><datafield ind1="0" ind2="4" tag="082"><subfield code="a">248.5</subfield></datafield><datafield ind1="0" ind2="4" tag="082"><subfield code="a">[E]</subfield></datafield><datafield ind1=" " ind2=" " tag="084"><subfield code="a">BC 7250</subfield><subfield code="2">rvk</subfield></datafield><datafield ind1="1" ind2=" " tag="100"><subfield code="a">Beutler, Johannes</subfield><subfield code="d">1933-</subfield><subfield code="0">(DE-588)120474034</subfield><subfield code="6">880-01</subfield></datafield><datafield ind1="1" ind2=" " tag="880"><subfield code="6">100-01</subfield><subfield code="a">Beutler, Johannes</subfield><subfield code="d">1933-2024</subfield><subfield code="0">(IDREF)030408717</subfield><subfield code="4">cre</subfield></datafield><datafield ind1="1" ind2="0" tag="245"><subfield code="a">Martyria</subfield><subfield code="b">traditionsgeschichtliche Untersuchungen zum Zeugnisthema bei Johannes</subfield><subfield code="c">Johannes Beutler</subfield></datafield><datafield ind1=" " ind2="1" tag="264"><subfield code="a">Frankfurt a.M.</subfield><subfield code="b">J. Knecht</subfield><subfield code="c">1972</subfield></datafield><datafield ind1=" " ind2=" " tag="300"><subfield code="a">398 p.</subfield><subfield code="c">23 cm</subfield></datafield><datafield ind1=" " ind2=" " tag="336"><subfield code="b">txt</subfield><subfield code="2">rdacontent</subfield></datafield><datafield ind1=" " ind2=" " tag="337"><subfield code="b">n</subfield><subfield code="2">rdamedia</subfield></datafield><datafield ind1=" " ind2=" " tag="338"><subfield code="b">nc</subfield><subfield code="2">rdacarrier</subfield></datafield><datafield ind1="1" ind2=" " tag="490"><subfield code="a">Frankfurter theologische Studien</subfield><subfield code="v">Bd. 10</subfield></datafield><datafield ind1="0" ind2="7" tag="600"><subfield code="a">Johannes</subfield><subfield code="x">Glaubenszeugnis</subfield><subfield code="2">idsbb</subfield></datafield><datafield ind1="0" ind2="7" tag="600"><subfield code="a">Johannes</subfield><subfield code="c">Evangelist, Heiliger</subfield><subfield code="0">(DE-588)118557815</subfield><subfield code="2">gnd</subfield></datafield><datafield ind1="0" ind2="7" tag="630"><subfield code="a">Bible</subfield><subfield code="p">NT</subfield><subfield code="p">Jean</subfield><subfield code="0">(RERO)A009967488</subfield><subfield code="2">rero</subfield></datafield><datafield ind1="0" ind2="7" tag="630"><subfield code="a">Bibel</subfield><subfield code="p">Johannesevangelium</subfield><subfield code="0">(DE-588)4028700-2</subfield><subfield code="2">gnd</subfield></datafield><datafield ind1="0" ind2="7" tag="630"><subfield code="a">Bibel</subfield><subfield code="p">Johanneische Schriften</subfield><subfield code="0">(DE-588)4162758-1</subfield><subfield code="2">gnd</subfield></datafield><datafield ind1="0" ind2="0" tag="630"><subfield code="a">Bible</subfield><subfield code="p">New Testament</subfield><subfield code="p">Johannine literature</subfield><subfield code="x">Criticism, interpretation, etc</subfield></datafield><datafield ind1="0" ind2="0" tag="630"><subfield code="a">Bybel</subfield><subfield code="n">N.T</subfield><subfield code="p">Johanneiese literatuur</subfield><subfield code="x">Kritiek, interpretasie, ens</subfield></datafield><datafield ind1=" " ind2="7" tag="650"><subfield code="a">Témoins</subfield><subfield code="0">(IDREF)02778603X</subfield><subfield code="2">idref</subfield></datafield><datafield ind1=" " ind2="7" tag="650"><subfield code="a">Glaubenszeugnis</subfield><subfield code="0">(DE-588)4067708-4</subfield><subfield code="2">gnd</subfield></datafield><datafield ind1=" " ind2="0" tag="650"><subfield code="a">Getuienis (Christendom)</subfield><subfield code="x">Bybelse leringe</subfield></datafield><datafield ind1=" " ind2="0" tag="650"><subfield code="a">Witness bearing (Christianity)</subfield><subfield code="x">Biblical teaching</subfield></datafield><datafield ind1=" " ind2=" " tag="690"><subfield code="a">Zeugen</subfield><subfield code="2">uzb-Z9</subfield></datafield><datafield ind1=" " ind2=" " tag="830"><subfield code="a">Frankfurter theologische Studien</subfield><subfield code="v">10</subfield><subfield code="w">(IDSBB)000071555DSV01</subfield></datafield><datafield ind1=" " ind2=" " tag="900"><subfield code="a">REROnoselfmerge</subfield></datafield><datafield ind1=" " ind2=" " tag="900"><subfield code="a">IDSZRMedeaZBZ</subfield></datafield><datafield ind1=" " ind2=" " tag="900"><subfield code="f">IDSU2medea</subfield></datafield></record>
</metadata></record>