<record><header><identifier>oai:alma.41SLSP_UGE:991000051209705502</identifier><datestamp>2023-11-26T01:33:33Z</datestamp><setSpec>uge_bcen_RapidILL_BOOK</setSpec><setSpec>uge_aaca_RapidILL_BOOK</setSpec><setSpec>uge_abels_RapidILL_BOOK</setSpec><setSpec>uge_dbu_RapidILL_BOOK</setSpec><setSpec>uge_cmu_RapidILL_BOOK</setSpec><setSpec>uge_mail_RapidILL_BOOK</setSpec><setSpec>uge_abbat_RapidILL_BOOK</setSpec><setSpec>UNIGE_ALL</setSpec><setSpec>uge_acar_RapidILL_BOOK</setSpec><setSpec>uge_aobs_RapidILL_BOOK</setSpec></header><metadata>
<record xmlns="http://www.loc.gov/MARC21/slim" xmlns:xsi="http://www.w3.org/2001/XMLSchema-instance" xsi:schemaLocation="http://www.loc.gov/MARC21/slim http://www.loc.gov/standards/marcxml/schema/MARC21slim.xsd"><leader>05982nam a2201177 c 4500</leader><controlfield tag="001">991000051209705502</controlfield><controlfield tag="005">20230619203330.0</controlfield><controlfield tag="008">201011t20072007xxk||||| |||| 00| ||eng d</controlfield><datafield ind1=" " ind2=" " tag="010"><subfield code="a">2006016084</subfield></datafield><datafield ind1=" " ind2=" " tag="019"><subfield code="a">Notice analytique !</subfield><subfield code="5">RERO/gehei-/02.2007</subfield></datafield><datafield ind1=" " ind2=" " tag="020"><subfield code="a">0203968093</subfield><subfield code="q">ebk.</subfield></datafield><datafield ind1=" " ind2=" " tag="020"><subfield code="a">9780203968093</subfield><subfield code="q">ebk.</subfield></datafield><datafield ind1=" " ind2=" " tag="020"><subfield code="a">9780415371995</subfield><subfield code="q">hbk.</subfield></datafield><datafield ind1=" " ind2=" " tag="020"><subfield code="a">0415371996</subfield><subfield code="q">hbk.</subfield><subfield code="c">GBP 65.00</subfield></datafield><datafield ind1=" " ind2=" " tag="035"><subfield code="a">(swissbib)231176031-41slsp_network</subfield></datafield><datafield ind1=" " ind2=" " tag="035"><subfield code="a">231176031</subfield><subfield code="9">ExL</subfield></datafield><datafield ind1=" " ind2=" " tag="035"><subfield code="a">(RERO)R004264245-41slsp</subfield></datafield><datafield ind1=" " ind2=" " tag="035"><subfield code="a">(IDSBB)004126007DSV01</subfield></datafield><datafield ind1=" " ind2=" " tag="035"><subfield code="a">(IDSLU)000482543ILU01</subfield></datafield><datafield ind1=" " ind2=" " tag="035"><subfield code="a">(IDSSG)000362341HSB01</subfield></datafield><datafield ind1=" " ind2=" " tag="035"><subfield code="a">(NEBIS)005273117EBI01</subfield></datafield><datafield ind1=" " ind2=" " tag="035"><subfield code="a">(SBT)000520102SBT01</subfield></datafield><datafield ind1=" " ind2=" " tag="035"><subfield code="a">(ALEX)bv001324760</subfield></datafield><datafield ind1=" " ind2=" " tag="035"><subfield code="a">(EXLNZ-41SLSP_NETWORK)991094399269705501</subfield></datafield><datafield ind1=" " ind2=" " tag="040"><subfield code="a">RERO labcud</subfield><subfield code="d">CH-ZuSLS</subfield></datafield><datafield ind1=" " ind2=" " tag="050"><subfield code="a">HC241.25.S9</subfield><subfield code="b">S93 2007</subfield></datafield><datafield ind1=" " ind2="7" tag="072"><subfield code="a">dr</subfield><subfield code="2">rero</subfield></datafield><datafield ind1=" " ind2="7" tag="072"><subfield code="a">wi</subfield><subfield code="2">SzZuIDS BS/BE</subfield></datafield><datafield ind1=" " ind2="7" tag="072"><subfield code="a">po</subfield><subfield code="2">SzZuIDS BS/BE</subfield></datafield><datafield ind1=" " ind2="7" tag="072"><subfield code="a">160</subfield><subfield code="2">IDS LU</subfield></datafield><datafield ind1=" " ind2="7" tag="072"><subfield code="a">sp</subfield><subfield code="2">rero</subfield></datafield><datafield ind1="0" ind2="4" tag="082"><subfield code="a">337.14209494</subfield><subfield code="2">23</subfield></datafield><datafield ind1="1" ind2="4" tag="082"><subfield code="a">320</subfield><subfield code="2">15</subfield></datafield><datafield ind1="1" ind2="4" tag="082"><subfield code="a">330</subfield><subfield code="2">15</subfield></datafield><datafield ind1=" " ind2=" " tag="084"><subfield code="a">CA/CH 32.2 e</subfield><subfield code="2">cjurrom</subfield></datafield><datafield ind1=" " ind2=" " tag="084"><subfield code="a">CA/CE 32.2 e</subfield><subfield code="2">cjurrom</subfield></datafield><datafield ind1=" " ind2=" " tag="084"><subfield code="a">CA/CH 32.2 g</subfield><subfield code="2">cjurrom</subfield></datafield><datafield ind1=" " ind2=" " tag="084"><subfield code="a">CA/CE 32.2 g</subfield><subfield code="2">cjurrom</subfield></datafield><datafield ind1=" " ind2=" " tag="084"><subfield code="a">FA 86.1 g</subfield><subfield code="2">cjurrom</subfield></datafield><datafield ind1=" " ind2=" " tag="084"><subfield code="a">QG 450</subfield><subfield code="2">rvk</subfield></datafield><datafield ind1=" " ind2=" " tag="084"><subfield code="a">MK 5000</subfield><subfield code="2">rvk</subfield></datafield><datafield ind1=" " ind2=" " tag="084"><subfield code="a">MG 32900</subfield><subfield code="2">rvk</subfield></datafield><datafield ind1="0" ind2="0" tag="245"><subfield code="a">Switzerland and the European Union</subfield><subfield code="b">a close, contradictory and misunderstood relationship</subfield><subfield code="c">edited by Clive H. Church</subfield></datafield><datafield ind1=" " ind2="1" tag="264"><subfield code="a">London</subfield><subfield code="b">Routledge</subfield><subfield code="c">2007</subfield></datafield><datafield ind1=" " ind2="4" tag="264"><subfield code="c">©2007</subfield></datafield><datafield ind1=" " ind2=" " tag="300"><subfield code="a">263 S.</subfield><subfield code="c">25 cm</subfield></datafield><datafield ind1=" " ind2=" " tag="336"><subfield code="b">txt</subfield><subfield code="2">rdacontent</subfield></datafield><datafield ind1=" " ind2=" " tag="337"><subfield code="b">n</subfield><subfield code="2">rdamedia</subfield></datafield><datafield ind1=" " ind2=" " tag="338"><subfield code="b">nc</subfield><subfield code="2">rdacarrier</subfield></datafield><datafield ind1="1" ind2=" " tag="490"><subfield code="a">Europe and the nation state</subfield><subfield code="v">11</subfield></datafield><datafield ind1=" " ind2=" " tag="500"><subfield code="a">Register</subfield></datafield><datafield ind1=" " ind2=" " tag="504"><subfield code="a">Includes bibliographical references and index</subfield></datafield><datafield ind1=" " ind2=" " tag="504"><subfield code="a">Contains bibliographical references at the end of each chapter</subfield></datafield><datafield ind1="2" ind2="7" tag="610"><subfield code="a">Union européenne</subfield><subfield code="0">(IDREF)032486324</subfield><subfield code="2">idref</subfield></datafield><datafield ind1="2" ind2="0" tag="610"><subfield code="a">European Union</subfield><subfield code="z">Switzerland</subfield></datafield><datafield ind1="2" ind2="7" tag="610"><subfield code="a">Europäische Union</subfield><subfield code="0">(DE-588)5098525-5</subfield><subfield code="2">gnd</subfield></datafield><datafield ind1="2" ind2="7" tag="610"><subfield code="a">Europäische Union</subfield><subfield code="2">idszbz</subfield></datafield><datafield ind1=" " ind2="7" tag="650"><subfield code="a">Fédéralisme</subfield><subfield code="0">(IDREF)027826538</subfield><subfield code="2">idref</subfield></datafield><datafield ind1=" " ind2="7" tag="650"><subfield code="a">neutralité - évolution</subfield><subfield code="0">(RERO)A010123226</subfield><subfield code="2">rerovoc</subfield></datafield><datafield ind1=" " ind2="7" tag="650"><subfield code="a">Relations économiques internationales</subfield><subfield code="0">(IDREF)027323161</subfield><subfield code="2">idref</subfield></datafield><datafield ind1=" " ind2="7" tag="650"><subfield code="a">Europäische Union</subfield><subfield code="z">Schweiz</subfield><subfield code="2">idsbb</subfield></datafield><datafield ind1=" " ind2="7" tag="650"><subfield code="a">Europapolitik</subfield><subfield code="0">(DE-STW)16496-0</subfield><subfield code="2">stw</subfield></datafield><datafield ind1=" " ind2="0" tag="650"><subfield code="a">European federation</subfield></datafield><datafield ind1=" " ind2="7" tag="650"><subfield code="a">Europäische Integration</subfield><subfield code="0">(DE-588)4071013-0</subfield><subfield code="2">gnd</subfield></datafield><datafield ind1=" " ind2="7" tag="650"><subfield code="a">Wirtschaftsbeziehungen</subfield><subfield code="0">(DE-588)4068297-3</subfield><subfield code="2">gnd</subfield></datafield><datafield ind1=" " ind2="7" tag="650"><subfield code="a">Außenbeziehungen</subfield><subfield code="0">(DE-588)4143618-0</subfield><subfield code="2">gnd</subfield></datafield><datafield ind1=" " ind2="7" tag="650"><subfield code="a">Rechtsvergleich</subfield><subfield code="0">(DE-588)4115712-6</subfield><subfield code="2">gnd</subfield></datafield><datafield ind1=" " ind2="7" tag="650"><subfield code="a">Außenpolitik</subfield><subfield code="0">(DE-588)4003846-4</subfield><subfield code="2">gnd</subfield></datafield><datafield ind1=" " ind2="7" tag="650"><subfield code="a">Außenpolitik</subfield><subfield code="2">idszbz</subfield></datafield><datafield ind1=" " ind2="7" tag="650"><subfield code="a">Internationale Politik</subfield><subfield code="0">(DE-588)4072885-7</subfield><subfield code="2">gnd</subfield></datafield><datafield ind1=" " ind2="0" tag="650"><subfield code="a">Europe</subfield></datafield><datafield ind1=" " ind2="0" tag="650"><subfield code="a">European Union countries</subfield><subfield code="z">Switzerland</subfield></datafield><datafield ind1=" " ind2="0" tag="650"><subfield code="a">Switzerland</subfield><subfield code="z">European Union countries</subfield></datafield><datafield ind1=" " ind2="7" tag="650"><subfield code="a">AUFSATZSAMMLUNGEN (DOKUMENTENTYP)</subfield><subfield code="9">ger</subfield><subfield code="0">(ETHUDK)000009249</subfield><subfield code="2">ethudk</subfield></datafield><datafield ind1=" " ind2="7" tag="650"><subfield code="a">AUSSENPOLITIK + AUSLANDSBEZIEHUNGEN (INTERNATIONALE POLITIK)</subfield><subfield code="9">ger</subfield><subfield code="0">(ETHUDK)000010209</subfield><subfield code="2">ethudk</subfield></datafield><datafield ind1=" " ind2="7" tag="650"><subfield code="a">EUROPAPOLITIK (INTERNATIONALE POLITIK)</subfield><subfield code="9">ger</subfield><subfield code="0">(ETHUDK)000051180</subfield><subfield code="2">ethudk</subfield></datafield><datafield ind1=" " ind2="7" tag="650"><subfield code="a">EUROPÄISCHE INTEGRATION (INTERNATIONALE POLITIK)</subfield><subfield code="9">ger</subfield><subfield code="0">(ETHUDK)000055909</subfield><subfield code="2">ethudk</subfield></datafield><datafield ind1=" " ind2="7" tag="650"><subfield code="a">SCHWEIZ (MITTELEUROPA). SCHWEIZERISCHE EIDGENOSSENSCHAFT</subfield><subfield code="9">ger</subfield><subfield code="0">(ETHUDK)000004571</subfield><subfield code="2">ethudk</subfield></datafield><datafield ind1=" " ind2="7" tag="651"><subfield code="a">Suisse</subfield><subfield code="0">(IDREF)027249654</subfield><subfield code="2">idref</subfield></datafield><datafield ind1=" " ind2="7" tag="651"><subfield code="a">Europe</subfield><subfield code="x">Unité</subfield><subfield code="0">(IDREF)027495892</subfield><subfield code="2">idref</subfield></datafield><datafield ind1=" " ind2="7" tag="651"><subfield code="a">Schweiz</subfield><subfield code="x">Europäische Union</subfield><subfield code="2">idsbb</subfield></datafield><datafield ind1=" " ind2="0" tag="651"><subfield code="a">Switzerland</subfield><subfield code="x">Foreign economic relations</subfield><subfield code="z">European Union countries</subfield></datafield><datafield ind1=" " ind2="0" tag="651"><subfield code="a">European Union countries</subfield><subfield code="x">Foreign economic relations</subfield><subfield code="z">Switzerland</subfield></datafield><datafield ind1=" " ind2="0" tag="651"><subfield code="a">Europe</subfield><subfield code="x">Economic integration</subfield></datafield><datafield ind1=" " ind2="7" tag="651"><subfield code="a">Schweiz</subfield><subfield code="0">(DE-588)4053881-3</subfield><subfield code="2">gnd</subfield></datafield><datafield ind1=" " ind2="7" tag="651"><subfield code="a">Schweiz</subfield><subfield code="2">idszbz</subfield></datafield><datafield ind1=" " ind2="7" tag="655"><subfield code="a">[Études diverses]</subfield><subfield code="0">(RERO)A022249905</subfield><subfield code="2">rero</subfield></datafield><datafield ind1=" " ind2="7" tag="655"><subfield code="a">Aufsatzsammlung</subfield><subfield code="2">gnd-content</subfield></datafield><datafield ind1=" " ind2="7" tag="655"><subfield code="a">Aufsatzsammlung</subfield><subfield code="2">idszbz</subfield></datafield><datafield ind1=" " ind2=" " tag="690"><subfield code="a">Europäische Union - Schweiz</subfield><subfield code="2">ubs-FC</subfield></datafield><datafield ind1=" " ind2=" " tag="690"><subfield code="a">EU; Beziehung; Schweiz; Kirche; internationale Wirtschaftsbeziehungen; Abbildung; Anpassung; Bewertung; Einwanderung; Kontext; Reaktion; Verdächtigung; Verhandlungen; Zukunft; europäische Integration; Demokratie; Einstellung; Neutralität; Aspekt; Aussicht; Ernährungsberuf; Index; Bewegung; Föderalismus; Populismus; Struktur; Wandel; Wirtschaft</subfield><subfield code="2">idssg-J</subfield></datafield><datafield ind1=" " ind2=" " tag="690"><subfield code="a">Sonderfall</subfield><subfield code="2">idssg-J</subfield></datafield><datafield ind1=" " ind2=" " tag="690"><subfield code="a">finanzieller Aspekt; schweizer Wirtschaftsbeziehung; strittiges Gesicht; anderer Aspekt; bilaterale Verhandlung; breite Einstellung; direkte Demokratie; erste Runde; europäische Union; institutionelle Anpassung; internationaler Kontext; internationale Wirtschaftsbeziehung; kleine Bewertung; menschliches Gesicht; offene Wirtschaft; politisches Problem; schweizerische Außenpolitik; schweizerische Beziehung; schweizerische Wirtschaftsbeziehung; sieglind Gstöhl; symbolischer Zwang; verstandene Beziehung</subfield><subfield code="2">idssg-J</subfield></datafield><datafield ind1=" " ind2=" " tag="690"><subfield code="a">Schweiz C4EXSI; EU C4EU; Großbritannien C4EUUK; Europa C4E; Vereinigte Staaten C1USA</subfield><subfield code="2">idssg-J</subfield></datafield><datafield ind1=" " ind2=" " tag="690"><subfield code="a">Alexander TRECHSEL; ALEXANDRE Afonso; Bettina HURNI; Christina SEVERIN; Clive Kirche Routledge Taylor; Dupont; Daniele Ganser; Francis Gruppe; Georg KREIS; LAURENT Goetschel; Martino MAGGETTI; Paolo Dardanelli; Philippe KOCH; Rolf WEDER; Regula Stämpfli Iviii; Sandra Lavenex; Serie Herausgeber Vorwort; YANNIS PAPADOPOULOS</subfield><subfield code="2">idssg-J</subfield></datafield><datafield ind1=" " ind2=" " tag="691"><subfield code="e">327.49404</subfield><subfield code="a">Relazioni internazionali. Svizzera-Europa</subfield><subfield code="2">usi-TE</subfield></datafield><datafield ind1="1" ind2=" " tag="700"><subfield code="a">Church, Clive H.</subfield><subfield code="d">1939-</subfield><subfield code="0">(DE-588)133487032</subfield><subfield code="6">880-02</subfield></datafield><datafield ind1="1" ind2=" " tag="880"><subfield code="6">700-02</subfield><subfield code="a">Church, Clive H.</subfield><subfield code="0">(IDREF)033477132</subfield></datafield><datafield ind1=" " ind2="0" tag="830"><subfield code="a">Europe and the nation state</subfield><subfield code="v">11</subfield><subfield code="w">(NEBIS)004884104EBI01</subfield></datafield><datafield ind1="4" ind2=" " tag="856"><subfield code="3">Inhaltsverzeichnis</subfield><subfield code="u">http://www.ub.unibas.ch/tox/HBZ/HT015507727/PDF</subfield><subfield code="q">pdf</subfield></datafield><datafield ind1=" " ind2=" " tag="900"><subfield code="a">IDSZ2zbzmon200704f</subfield><subfield code="c">IDSZ2prin</subfield><subfield code="d">IDSZ2zbzswk200704b</subfield><subfield code="e">IDSZ2stet</subfield></datafield><datafield ind1=" " ind2=" " tag="900"><subfield code="a">IDSE5E28ANH-2006</subfield></datafield><datafield ind1=" " ind2=" " tag="900"><subfield code="a">IDSE5E19ANH-2007</subfield></datafield><datafield ind1=" " ind2=" " tag="949"><subfield code="a">http://www.ub.unibas.ch/tox/HBZ/HT015507727/PDF</subfield></datafield><datafield ind1=" " ind2=" " tag="961"><subfield code="2">gsi</subfield><subfield code="a">949.4:4</subfield><subfield code="9">LOCAL</subfield></datafield></record>
</metadata></record>