<record><header><identifier>oai:alma.41SLSP_UGE:991000044629705502</identifier><datestamp>2023-03-01T01:09:23Z</datestamp><setSpec>uge_bcen_RapidILL_BOOK</setSpec><setSpec>uge_aaca_RapidILL_BOOK</setSpec><setSpec>uge_abels_RapidILL_BOOK</setSpec><setSpec>uge_dbu_RapidILL_BOOK</setSpec><setSpec>uge_cmu_RapidILL_BOOK</setSpec><setSpec>uge_mail_RapidILL_BOOK</setSpec><setSpec>UNIGE_ALL</setSpec><setSpec>uge_abbat_RapidILL_BOOK</setSpec><setSpec>uge_aobs_RapidILL_BOOK</setSpec><setSpec>uge_acar_RapidILL_BOOK</setSpec></header><metadata>
<record xmlns="http://www.loc.gov/MARC21/slim" xmlns:xsi="http://www.w3.org/2001/XMLSchema-instance" xsi:schemaLocation="http://www.loc.gov/MARC21/slim http://www.loc.gov/standards/marcxml/schema/MARC21slim.xsd"><leader>01262nam a2200325 c 4500</leader><controlfield tag="001">991000044629705502</controlfield><controlfield tag="005">20230130193626.0</controlfield><controlfield tag="008">001027s1974    it ||||| |||| 00| ||ita d</controlfield><datafield ind1=" " ind2=" " tag="035"><subfield code="a">(swissbib)094916209-41slsp_network</subfield></datafield><datafield ind1=" " ind2=" " tag="035"><subfield code="a">094916209</subfield><subfield code="9">ExL</subfield></datafield><datafield ind1=" " ind2=" " tag="035"><subfield code="a">(RERO)R258026260-41slsp</subfield></datafield><datafield ind1=" " ind2=" " tag="035"><subfield code="a">(EXLNZ-41SLSP_NETWORK)991043436649705501</subfield></datafield><datafield ind1=" " ind2=" " tag="040"><subfield code="a">RERO tibrb-</subfield><subfield code="d">CH-ZuSLS</subfield></datafield><datafield ind1="1" ind2=" " tag="041"><subfield code="a">ita</subfield><subfield code="h">eng</subfield></datafield><datafield ind1=" " ind2="7" tag="072"><subfield code="a">lg</subfield><subfield code="2">rero</subfield></datafield><datafield ind1="1" ind2=" " tag="100"><subfield code="a">Robins, Robert Henry</subfield><subfield code="0">(IDREF)03193224X</subfield><subfield code="4">cre</subfield></datafield><datafield ind1="1" ind2="0" tag="245"><subfield code="a">Storia della linguistica</subfield><subfield code="c">Robert H. Robins ; [trad. di Giacomo Prampolini] ; [ed. italiana a cura di Edgardo T. Saronne]</subfield></datafield><datafield ind1=" " ind2="1" tag="264"><subfield code="a">Bologna</subfield><subfield code="b">Il Mulino</subfield><subfield code="c">1974</subfield></datafield><datafield ind1=" " ind2=" " tag="300"><subfield code="a">314 p.</subfield><subfield code="c">22 cm</subfield></datafield><datafield ind1=" " ind2=" " tag="336"><subfield code="b">txt</subfield><subfield code="2">rdacontent</subfield></datafield><datafield ind1=" " ind2=" " tag="337"><subfield code="b">n</subfield><subfield code="2">rdamedia</subfield></datafield><datafield ind1=" " ind2=" " tag="338"><subfield code="b">nc</subfield><subfield code="2">rdacarrier</subfield></datafield><datafield ind1="1" ind2=" " tag="490"><subfield code="a">Serie di linguistica e critica letteraria</subfield></datafield><datafield ind1=" " ind2=" " tag="500"><subfield code="a">Trad. di: A short history of linguistics</subfield></datafield><datafield ind1=" " ind2="7" tag="650"><subfield code="a">Linguistique</subfield><subfield code="0">(IDREF)027236005</subfield><subfield code="2">idref</subfield></datafield><datafield ind1=" " ind2="7" tag="650"><subfield code="a">2500 av. J.-C.-20e siècle</subfield><subfield code="0">(RERO)A026984216</subfield><subfield code="2">rero</subfield></datafield><datafield ind1=" " ind2="7" tag="650"><subfield code="a">Antiquité</subfield><subfield code="0">(IDREF)027789888</subfield><subfield code="2">idref</subfield></datafield><datafield ind1="1" ind2=" " tag="700"><subfield code="a">Prampolini, Giacomo</subfield><subfield code="d">1898-1975</subfield><subfield code="0">(IDREF)086843532</subfield></datafield><datafield ind1="1" ind2=" " tag="700"><subfield code="a">Saronne, Edgardo Tito</subfield><subfield code="0">(IDREF)053301056</subfield></datafield><datafield ind1=" " ind2=" " tag="830"><subfield code="a">&lt;&lt;La&gt;&gt; nuova scienza</subfield><subfield code="p">Il Mulino</subfield><subfield code="p">Serie di linguistica e critica letteraria</subfield><subfield code="w">(RERO)0720579-41slsp</subfield></datafield><datafield ind1=" " ind2=" " tag="900"><subfield code="a">REROnoselfmerge</subfield></datafield><datafield ind1=" " ind2=" " tag="993"><subfield code="a">BFLA 173784</subfield><subfield code="x">ge/ulit/a/FLt 31437</subfield><subfield code="9">LOCAL</subfield></datafield></record>
</metadata></record>