<record><header><identifier>oai:alma.41SLSP_UGE:991000050999705502</identifier><datestamp>2024-03-09T01:33:21Z</datestamp><setSpec>uge_bcen_RapidILL_BOOK</setSpec><setSpec>uge_aaca_RapidILL_BOOK</setSpec><setSpec>uge_abels_RapidILL_BOOK</setSpec><setSpec>uge_dbu_RapidILL_BOOK</setSpec><setSpec>uge_cmu_RapidILL_BOOK</setSpec><setSpec>uge_mail_RapidILL_BOOK</setSpec><setSpec>uge_abbat_RapidILL_BOOK</setSpec><setSpec>UNIGE_ALL</setSpec><setSpec>uge_acar_RapidILL_BOOK</setSpec><setSpec>uge_aobs_RapidILL_BOOK</setSpec></header><metadata>
<record xmlns="http://www.loc.gov/MARC21/slim" xmlns:xsi="http://www.w3.org/2001/XMLSchema-instance" xsi:schemaLocation="http://www.loc.gov/MARC21/slim http://www.loc.gov/standards/marcxml/schema/MARC21slim.xsd"><leader>01868nam a2200517 c 4500</leader><controlfield tag="001">991000050999705502</controlfield><controlfield tag="005">20240308230747.0</controlfield><controlfield tag="008">201012s1974    sz ||||| |||| 00| ||ger d</controlfield><datafield ind1=" " ind2=" " tag="019"><subfield code="a">SPI Retro 60832</subfield></datafield><datafield ind1=" " ind2=" " tag="020"><subfield code="a">3764307366</subfield></datafield><datafield ind1=" " ind2=" " tag="035"><subfield code="a">(swissbib)241420431-41slsp_network</subfield></datafield><datafield ind1=" " ind2=" " tag="035"><subfield code="a">241420431</subfield><subfield code="9">ExL</subfield></datafield><datafield ind1=" " ind2=" " tag="035"><subfield code="a">(RERO)1394960-41slsp</subfield></datafield><datafield ind1=" " ind2=" " tag="035"><subfield code="a">(NEBIS)002309625EBI01</subfield></datafield><datafield ind1=" " ind2=" " tag="035"><subfield code="a">(IDSBB)000172072DSV01</subfield></datafield><datafield ind1=" " ind2=" " tag="035"><subfield code="a">(ABN)000224882ABN01</subfield></datafield><datafield ind1=" " ind2=" " tag="035"><subfield code="a">(EXLNZ-41SLSP_NETWORK)991060167109705501</subfield></datafield><datafield ind1=" " ind2=" " tag="040"><subfield code="a">RERO geussm</subfield><subfield code="d">CH-ZuSLS</subfield></datafield><datafield ind1="1" ind2=" " tag="041"><subfield code="a">ger</subfield><subfield code="h">rus</subfield></datafield><datafield ind1=" " ind2="7" tag="072"><subfield code="a">ma</subfield><subfield code="2">rero</subfield></datafield><datafield ind1=" " ind2="7" tag="072"><subfield code="a">mt</subfield><subfield code="2">SzZuIDS BS/BE</subfield></datafield><datafield ind1="0" ind2="4" tag="082"><subfield code="a">512.811</subfield><subfield code="b">B29dGb</subfield></datafield><datafield ind1="1" ind2="4" tag="082"><subfield code="a">510</subfield><subfield code="2">15</subfield></datafield><datafield ind1=" " ind2=" " tag="084"><subfield code="a">10</subfield><subfield code="2">msc</subfield></datafield><datafield ind1="1" ind2=" " tag="100"><subfield code="a">Bašmakova, Isabella Grigorʹvna</subfield><subfield code="d">1921-2005</subfield><subfield code="0">(IDREF)110774507</subfield><subfield code="4">cre</subfield></datafield><datafield ind1="1" ind2="0" tag="245"><subfield code="a">Diophant und diophantische Gleichungen</subfield><subfield code="c">Isabella Grigorʹevna Bašmakova ; [Übers. aus dem Russischen von Ludwig Boll]</subfield></datafield><datafield ind1=" " ind2="1" tag="264"><subfield code="a">Basel</subfield><subfield code="a">Stuttgart</subfield><subfield code="b">Birkhäuser</subfield><subfield code="c">1974</subfield></datafield><datafield ind1=" " ind2=" " tag="300"><subfield code="a">97 p.</subfield><subfield code="b">ill.</subfield><subfield code="c">19 cm</subfield></datafield><datafield ind1=" " ind2=" " tag="336"><subfield code="b">txt</subfield><subfield code="2">rdacontent</subfield></datafield><datafield ind1=" " ind2=" " tag="337"><subfield code="b">n</subfield><subfield code="2">rdamedia</subfield></datafield><datafield ind1=" " ind2=" " tag="338"><subfield code="b">nc</subfield><subfield code="2">rdacarrier</subfield></datafield><datafield ind1="1" ind2=" " tag="490"><subfield code="a">UTB</subfield><subfield code="v">360</subfield></datafield><datafield ind1="1" ind2=" " tag="490"><subfield code="a">Uni-Taschenbücher</subfield><subfield code="v">360</subfield></datafield><datafield ind1=" " ind2=" " tag="500"><subfield code="a">Originaltitel: Diofant i diofantovy uravnenija</subfield></datafield><datafield ind1="0" ind2="7" tag="600"><subfield code="a">Diophantus</subfield><subfield code="c">Alexandrinus</subfield><subfield code="d">ca. 3. Jh.</subfield><subfield code="0">(DE-588)118525913</subfield><subfield code="2">gnd</subfield></datafield><datafield ind1="0" ind2="0" tag="600"><subfield code="a">Diophantus</subfield><subfield code="c">of Alexandria</subfield></datafield><datafield ind1=" " ind2="7" tag="650"><subfield code="a">Diophantische Gleichung</subfield><subfield code="0">(DE-588)4012386-8</subfield><subfield code="2">gnd</subfield></datafield><datafield ind1=" " ind2="7" tag="650"><subfield code="a">Geschichte</subfield><subfield code="0">(DE-588)4020517-4</subfield><subfield code="2">gnd</subfield></datafield><datafield ind1=" " ind2="0" tag="650"><subfield code="a">Diophantine analysis</subfield></datafield><datafield ind1=" " ind2=" " tag="690"><subfield code="a">Diophantische Gleichung</subfield><subfield code="2">uzb-Z9</subfield></datafield><datafield ind1=" " ind2=" " tag="690"><subfield code="a">Diophantus (Alexandrinus)</subfield><subfield code="2">uzb-Z9</subfield></datafield><datafield ind1="1" ind2=" " tag="700"><subfield code="a">Bašmakova, Izabella G.</subfield><subfield code="d">1921-2005</subfield><subfield code="0">(DE-588)128562072</subfield></datafield><datafield ind1="1" ind2=" " tag="700"><subfield code="a">Boll, Ludwig</subfield><subfield code="0">(RERO)A003020877</subfield></datafield><datafield ind1=" " ind2="0" tag="830"><subfield code="a">Uni-Taschenbücher</subfield><subfield code="v">360</subfield><subfield code="w">(NEBIS)000058219EBI01</subfield></datafield><datafield ind1=" " ind2="0" tag="830"><subfield code="a">UTB für Wissenschaft</subfield><subfield code="v">360</subfield><subfield code="w">(RERO)0338358-41slsp</subfield></datafield><datafield ind1=" " ind2=" " tag="900"><subfield code="a">REROnoselfmerge</subfield></datafield><datafield ind1=" " ind2=" " tag="900"><subfield code="a">IDSERSPIdummy</subfield></datafield></record>
</metadata></record>