<record><header><identifier>oai:alma.41SLSP_UGE:991000051199705502</identifier><datestamp>2023-03-01T01:09:23Z</datestamp><setSpec>uge_bcen_RapidILL_BOOK</setSpec><setSpec>uge_aaca_RapidILL_BOOK</setSpec><setSpec>uge_abels_RapidILL_BOOK</setSpec><setSpec>uge_dbu_RapidILL_BOOK</setSpec><setSpec>uge_cmu_RapidILL_BOOK</setSpec><setSpec>uge_mail_RapidILL_BOOK</setSpec><setSpec>UNIGE_ALL</setSpec><setSpec>uge_abbat_RapidILL_BOOK</setSpec><setSpec>uge_aobs_RapidILL_BOOK</setSpec><setSpec>uge_acar_RapidILL_BOOK</setSpec></header><metadata>
<record xmlns="http://www.loc.gov/MARC21/slim" xmlns:xsi="http://www.w3.org/2001/XMLSchema-instance" xsi:schemaLocation="http://www.loc.gov/MARC21/slim http://www.loc.gov/standards/marcxml/schema/MARC21slim.xsd"><leader>01135nam a22003017c 4500</leader><controlfield tag="001">991000051199705502</controlfield><controlfield tag="005">20230214193244.0</controlfield><controlfield tag="008">010127s1999    gw ||||| |||| 00| ||ger d</controlfield><datafield ind1=" " ind2=" " tag="020"><subfield code="a">3421031150</subfield></datafield><datafield ind1="7" ind2=" " tag="024"><subfield code="a">http://catalogue.bnf.fr/ark:/12148/cb38831237m</subfield><subfield code="2">uri</subfield></datafield><datafield ind1=" " ind2=" " tag="035"><subfield code="a">(swissbib)09518807X-41slsp_network</subfield></datafield><datafield ind1=" " ind2=" " tag="035"><subfield code="a">09518807X</subfield><subfield code="9">ExL</subfield></datafield><datafield ind1=" " ind2=" " tag="035"><subfield code="a">(RERO)R262259360-41slsp</subfield></datafield><datafield ind1=" " ind2=" " tag="035"><subfield code="a">(EXLNZ-41SLSP_NETWORK)991053799009705501</subfield></datafield><datafield ind1=" " ind2=" " tag="040"><subfield code="a">RERO frbcuc</subfield><subfield code="d">CH-ZuSLS</subfield></datafield><datafield ind1=" " ind2="7" tag="072"><subfield code="a">at</subfield><subfield code="2">rero</subfield></datafield><datafield ind1="0" ind2="0" tag="245"><subfield code="a">Geschichte des Wohnens</subfield><subfield code="c">Wüstenrot Stiftung, Deutscher Eigenheimverein, Ludwigsburg.</subfield><subfield code="n">Bd. 5</subfield><subfield code="p">1945 bis heute : Aufbau, Neubau, Umbau / hrsg. von Ingeborg Flagge ... ...</subfield></datafield><datafield ind1=" " ind2="1" tag="264"><subfield code="a">Stuttgart</subfield><subfield code="b">Deutsche Verlagsanstalt</subfield><subfield code="c">[1999]</subfield></datafield><datafield ind1=" " ind2="4" tag="264"><subfield code="c">© 1999</subfield></datafield><datafield ind1=" " ind2=" " tag="300"><subfield code="a">742 S.</subfield><subfield code="b">zahlr. Abb.</subfield><subfield code="c">25 cm</subfield></datafield><datafield ind1=" " ind2=" " tag="336"><subfield code="b">txt</subfield><subfield code="2">rdacontent</subfield></datafield><datafield ind1=" " ind2=" " tag="337"><subfield code="b">n</subfield><subfield code="2">rdamedia</subfield></datafield><datafield ind1=" " ind2=" " tag="338"><subfield code="b">nc</subfield><subfield code="2">rdacarrier</subfield></datafield><datafield ind1=" " ind2="7" tag="650"><subfield code="a">Logement</subfield><subfield code="0">(IDREF)027237214</subfield><subfield code="2">idref</subfield></datafield><datafield ind1=" " ind2="7" tag="650"><subfield code="a">1945-1998</subfield><subfield code="2">rero</subfield></datafield><datafield ind1=" " ind2="7" tag="655"><subfield code="a">[Études diverses]</subfield><subfield code="0">(RERO)A022249905</subfield><subfield code="2">rero</subfield></datafield><datafield ind1="1" ind2=" " tag="700"><subfield code="a">Flagge, Ingeborg</subfield><subfield code="d">1942-....</subfield><subfield code="0">(IDREF)035014539</subfield></datafield><datafield ind1=" " ind2="0" tag="830"><subfield code="a">Geschichte des Wohnens</subfield><subfield code="v">5</subfield><subfield code="w">(RERO)R224081260-41slsp</subfield></datafield><datafield ind1=" " ind2=" " tag="900"><subfield code="a">REROnoselfmerge</subfield></datafield></record>
</metadata></record>