<record><header><identifier>oai:alma.41SLSP_UGE:991000044229705502</identifier><datestamp>2024-03-09T01:38:37Z</datestamp><setSpec>uge_bcen_RapidILL_BOOK</setSpec><setSpec>uge_aaca_RapidILL_BOOK</setSpec><setSpec>uge_abels_RapidILL_BOOK</setSpec><setSpec>uge_dbu_RapidILL_BOOK</setSpec><setSpec>uge_cmu_RapidILL_BOOK</setSpec><setSpec>uge_mail_RapidILL_BOOK</setSpec><setSpec>uge_abbat_RapidILL_BOOK</setSpec><setSpec>UNIGE_ALL</setSpec><setSpec>uge_acar_RapidILL_BOOK</setSpec><setSpec>uge_aobs_RapidILL_BOOK</setSpec></header><metadata>
<record xmlns="http://www.loc.gov/MARC21/slim" xmlns:xsi="http://www.w3.org/2001/XMLSchema-instance" xsi:schemaLocation="http://www.loc.gov/MARC21/slim http://www.loc.gov/standards/marcxml/schema/MARC21slim.xsd"><leader>02674nam a2200625 c 4500</leader><controlfield tag="001">991000044229705502</controlfield><controlfield tag="005">20240308060852.0</controlfield><controlfield tag="008">201012s1947    sz ||||| |||| 00| ||ger d</controlfield><datafield ind1=" " ind2=" " tag="035"><subfield code="a">(swissbib)236611682-41slsp_network</subfield></datafield><datafield ind1=" " ind2=" " tag="035"><subfield code="a">236611682</subfield><subfield code="9">ExL</subfield></datafield><datafield ind1=" " ind2=" " tag="035"><subfield code="a">(RERO)0944951-41slsp</subfield></datafield><datafield ind1=" " ind2=" " tag="035"><subfield code="a">(NEBIS)000678613EBI01</subfield></datafield><datafield ind1=" " ind2=" " tag="035"><subfield code="a">(IDSLU)000045030ILU01</subfield></datafield><datafield ind1=" " ind2=" " tag="035"><subfield code="a">(IDSBB)000209530DSV01</subfield></datafield><datafield ind1=" " ind2=" " tag="035"><subfield code="a">(ABN)000351960ABN01</subfield></datafield><datafield ind1=" " ind2=" " tag="035"><subfield code="a">(EXLNZ-41SLSP_NETWORK)991110015989705501</subfield></datafield><datafield ind1=" " ind2=" " tag="040"><subfield code="a">RERO lausst</subfield><subfield code="d">CH-ZuSLS</subfield></datafield><datafield ind1=" " ind2=" " tag="044"><subfield code="a">sz</subfield><subfield code="c">ch-bs</subfield></datafield><datafield ind1=" " ind2="7" tag="072"><subfield code="a">st</subfield><subfield code="2">rero</subfield></datafield><datafield ind1=" " ind2="7" tag="072"><subfield code="a">31</subfield><subfield code="2">IDS LU</subfield></datafield><datafield ind1=" " ind2="7" tag="072"><subfield code="a">27</subfield><subfield code="2">IDS LU</subfield></datafield><datafield ind1=" " ind2="7" tag="072"><subfield code="a">py</subfield><subfield code="2">SzZuIDS BS/BE</subfield></datafield><datafield ind1="0" ind2="4" tag="082"><subfield code="a">548</subfield><subfield code="2">22</subfield></datafield><datafield ind1="1" ind2="4" tag="082"><subfield code="a">530</subfield><subfield code="2">15</subfield></datafield><datafield ind1=" " ind2=" " tag="084"><subfield code="a">20</subfield><subfield code="2">msc</subfield></datafield><datafield ind1="1" ind2=" " tag="100"><subfield code="a">Burckhardt, Johann Jacob</subfield><subfield code="d">1731-1770</subfield><subfield code="0">(DE-588)1127343181</subfield><subfield code="6">880-01</subfield></datafield><datafield ind1="1" ind2=" " tag="880"><subfield code="6">100-01</subfield><subfield code="a">Burckhardt, Johann Jakob</subfield><subfield code="d">1903-2006</subfield><subfield code="0">(IDREF)073274259</subfield><subfield code="4">cre</subfield></datafield><datafield ind1="1" ind2="0" tag="245"><subfield code="a">&lt;&lt;Die&gt;&gt; Bewegungsgruppen der Kristallographie</subfield><subfield code="c">von Johann Jakob Burckhardt</subfield></datafield><datafield ind1=" " ind2="1" tag="264"><subfield code="a">Basel</subfield><subfield code="b">Birkhäuser</subfield><subfield code="c">1947</subfield></datafield><datafield ind1=" " ind2=" " tag="300"><subfield code="a">186 S.</subfield><subfield code="b">Ill., Tab.</subfield><subfield code="c">25 cm</subfield></datafield><datafield ind1=" " ind2=" " tag="336"><subfield code="b">txt</subfield><subfield code="2">rdacontent</subfield></datafield><datafield ind1=" " ind2=" " tag="337"><subfield code="b">n</subfield><subfield code="2">rdamedia</subfield></datafield><datafield ind1=" " ind2=" " tag="338"><subfield code="b">nc</subfield><subfield code="2">rdacarrier</subfield></datafield><datafield ind1="1" ind2=" " tag="490"><subfield code="a">Lehrbücher und Monographien aus dem Gebiete der exakten Wissenschaften</subfield><subfield code="v">13. Mineralogisch-geotechnische Reihe</subfield><subfield code="v">Bd. 2</subfield></datafield><datafield ind1="1" ind2=" " tag="490"><subfield code="a">Lehrbücher und Monographien aus dem Gebiete der exakten Wissenschaften</subfield><subfield code="v">13</subfield></datafield><datafield ind1=" " ind2=" " tag="500"><subfield code="a">andere Ausgabe: &lt;&lt;Die&gt;&gt; Bewegungsgruppen der Kristallographie</subfield></datafield><datafield ind1=" " ind2=" " tag="504"><subfield code="a">Bibliogr.: p. 182-184</subfield></datafield><datafield ind1=" " ind2="7" tag="650"><subfield code="a">Cristallographie mathématique</subfield><subfield code="0">(IDREF)027359786</subfield><subfield code="2">idref</subfield></datafield><datafield ind1=" " ind2="7" tag="650"><subfield code="a">GRUPPENTHEORIE (ALGEBRA)</subfield><subfield code="9">ger</subfield><subfield code="0">(ETHUDK)000012599</subfield><subfield code="2">ethudk</subfield></datafield><datafield ind1=" " ind2="7" tag="650"><subfield code="a">KRISTALLSYMMETRIE</subfield><subfield code="9">ger</subfield><subfield code="0">(ETHUDK)000019590</subfield><subfield code="2">ethudk</subfield></datafield><datafield ind1=" " ind2="7" tag="650"><subfield code="a">MATHEMATISCHE KRISTALLOGRAPHIE</subfield><subfield code="9">ger</subfield><subfield code="0">(ETHUDK)000019583</subfield><subfield code="2">ethudk</subfield></datafield><datafield ind1=" " ind2="4" tag="650"><subfield code="a">Berechnung</subfield></datafield><datafield ind1=" " ind2="4" tag="650"><subfield code="a">Gruppentheorie</subfield></datafield><datafield ind1=" " ind2="4" tag="650"><subfield code="a">Kristallgitter</subfield></datafield><datafield ind1=" " ind2="4" tag="650"><subfield code="a">Kristallklasse</subfield></datafield><datafield ind1=" " ind2="4" tag="650"><subfield code="a">Kristallographie</subfield></datafield><datafield ind1=" " ind2=" " tag="690"><subfield code="a">Bewegungsgruppe</subfield><subfield code="2">uzb-Z9</subfield></datafield><datafield ind1=" " ind2=" " tag="690"><subfield code="a">Kristallographie / Einzelne Fragen</subfield><subfield code="2">uzb-Z9</subfield></datafield><datafield ind1=" " ind2=" " tag="690"><subfield code="a">Bewegungsgruppen (math.), B: Kristallographie</subfield><subfield code="2">rzs-L1</subfield></datafield><datafield ind1=" " ind2=" " tag="690"><subfield code="a">Kristallographie, B: Bewegungsgruppen</subfield><subfield code="2">rzs-L1</subfield></datafield><datafield ind1="1" ind2=" " tag="700"><subfield code="a">Burckhardt, Johann Jakob</subfield><subfield code="d">1903-2006</subfield><subfield code="0">(DE-588)120668858</subfield></datafield><datafield ind1=" " ind2=" " tag="830"><subfield code="a">Lehrbücher und Monographien aus dem Gebiete der exakten Wissenschaften</subfield><subfield code="v">13</subfield><subfield code="w">(NEBIS)000060659EBI01</subfield></datafield><datafield ind1=" " ind2=" " tag="830"><subfield code="a">Lehrbücher und Monographien aus dem Gebiete der exakten Wissenschaften</subfield><subfield code="p">Mineralogisch-geotechnische Reihe</subfield><subfield code="v">2</subfield><subfield code="w">(IDSLU)000888519ILU01</subfield></datafield><datafield ind1=" " ind2=" " tag="830"><subfield code="a">Lehrbücher und Monographien aus dem Gebiete der exakten Wissenschaften</subfield><subfield code="p">Mineralogisch-geotechnische Reihe</subfield><subfield code="v">2</subfield><subfield code="w">(IDSBB)000000344DSV01</subfield></datafield><datafield ind1=" " ind2=" " tag="900"><subfield code="a">REROnoselfmerge</subfield></datafield><datafield ind1=" " ind2=" " tag="900"><subfield code="f">IDSU2medea</subfield></datafield></record>
</metadata></record>