<record><header><identifier>oai:alma.41SLSP_UGE:991000044649705502</identifier><datestamp>2023-03-01T01:09:23Z</datestamp><setSpec>uge_bcen_RapidILL_BOOK</setSpec><setSpec>uge_aaca_RapidILL_BOOK</setSpec><setSpec>uge_abels_RapidILL_BOOK</setSpec><setSpec>uge_dbu_RapidILL_BOOK</setSpec><setSpec>uge_cmu_RapidILL_BOOK</setSpec><setSpec>uge_mail_RapidILL_BOOK</setSpec><setSpec>UNIGE_ALL</setSpec><setSpec>uge_abbat_RapidILL_BOOK</setSpec><setSpec>uge_aobs_RapidILL_BOOK</setSpec><setSpec>uge_acar_RapidILL_BOOK</setSpec></header><metadata>
<record xmlns="http://www.loc.gov/MARC21/slim" xmlns:xsi="http://www.w3.org/2001/XMLSchema-instance" xsi:schemaLocation="http://www.loc.gov/MARC21/slim http://www.loc.gov/standards/marcxml/schema/MARC21slim.xsd"><leader>01946nam a2200457 c 4500</leader><controlfield tag="001">991000044649705502</controlfield><controlfield tag="005">20230224180449.0</controlfield><controlfield tag="008">201011s2001    ne ||||| |||| 10| ||eng d</controlfield><datafield ind1=" " ind2=" " tag="010"><subfield code="a">2001035800</subfield></datafield><datafield ind1=" " ind2=" " tag="020"><subfield code="a">9027237255</subfield><subfield code="q">Eur.</subfield></datafield><datafield ind1=" " ind2=" " tag="020"><subfield code="a">158811080X</subfield><subfield code="q">US</subfield></datafield><datafield ind1=" " ind2=" " tag="035"><subfield code="a">(swissbib)222676469-41slsp_network</subfield></datafield><datafield ind1=" " ind2=" " tag="035"><subfield code="a">222676469</subfield><subfield code="9">ExL</subfield></datafield><datafield ind1=" " ind2=" " tag="035"><subfield code="a">(RERO)R003204867-41slsp</subfield></datafield><datafield ind1=" " ind2=" " tag="035"><subfield code="a">(IDSBB)002478393DSV01</subfield></datafield><datafield ind1=" " ind2=" " tag="035"><subfield code="a">(EXLNZ-41SLSP_NETWORK)991013362049705501</subfield></datafield><datafield ind1=" " ind2=" " tag="040"><subfield code="a">RERO geueti</subfield><subfield code="d">CH-ZuSLS</subfield></datafield><datafield ind1=" " ind2=" " tag="050"><subfield code="a">P241</subfield><subfield code="b">.I58 2000</subfield></datafield><datafield ind1=" " ind2="7" tag="072"><subfield code="a">lg</subfield><subfield code="2">rero</subfield></datafield><datafield ind1=" " ind2="7" tag="072"><subfield code="a">as</subfield><subfield code="2">SzZuIDS BS/BE</subfield></datafield><datafield ind1="0" ind2="4" tag="082"><subfield code="a">415</subfield><subfield code="2">21</subfield></datafield><datafield ind1=" " ind2=" " tag="084"><subfield code="a">ER 500</subfield><subfield code="2">rvk</subfield></datafield><datafield ind1="0" ind2="0" tag="245"><subfield code="a">Morphology 2000</subfield><subfield code="b">selected papers from the 9th Morphology meeting, Vienna, 24-28 February 2000</subfield><subfield code="c">ed. by S. Bendjaballah... [et al.]</subfield></datafield><datafield ind1=" " ind2="1" tag="264"><subfield code="a">Amsterdam [etc.]</subfield><subfield code="b">J. Benjamin</subfield><subfield code="c">[2001]</subfield></datafield><datafield ind1=" " ind2="4" tag="264"><subfield code="c">© 2001</subfield></datafield><datafield ind1=" " ind2=" " tag="300"><subfield code="a">VII, 317 p.</subfield><subfield code="b">ill.</subfield><subfield code="c">23 cm</subfield></datafield><datafield ind1=" " ind2=" " tag="336"><subfield code="b">txt</subfield><subfield code="2">rdacontent</subfield></datafield><datafield ind1=" " ind2=" " tag="337"><subfield code="b">n</subfield><subfield code="2">rdamedia</subfield></datafield><datafield ind1=" " ind2=" " tag="338"><subfield code="b">nc</subfield><subfield code="2">rdacarrier</subfield></datafield><datafield ind1="1" ind2=" " tag="490"><subfield code="a">Amsterdam studies in the theory and history of linguistic science. Series 4, Current issues in linguistic theory</subfield><subfield code="v">vol. 218</subfield></datafield><datafield ind1=" " ind2="7" tag="650"><subfield code="a">Morphologie (linguistique)</subfield><subfield code="0">(IDREF)028686160</subfield><subfield code="2">idref</subfield></datafield><datafield ind1=" " ind2="0" tag="650"><subfield code="a">Grammar, Comparative and general</subfield><subfield code="x">Morphology</subfield><subfield code="v">Congresses</subfield></datafield><datafield ind1=" " ind2="7" tag="650"><subfield code="a">Morphologie</subfield><subfield code="x">Sprachwissenschaft</subfield><subfield code="v">Kongressbericht</subfield><subfield code="2">idsbb</subfield></datafield><datafield ind1=" " ind2="7" tag="655"><subfield code="a">Actes de congrès</subfield><subfield code="0">(IDREF)02886431X</subfield><subfield code="2">idref</subfield></datafield><datafield ind1=" " ind2="7" tag="655"><subfield code="a">Konferenzschrift</subfield><subfield code="z">Wien</subfield><subfield code="y">2000</subfield><subfield code="2">gnd-content</subfield></datafield><datafield ind1="1" ind2=" " tag="700"><subfield code="a">Bendjaballah, Sabrina</subfield><subfield code="0">(RERO)A008842772</subfield></datafield><datafield ind1="2" ind2=" " tag="711"><subfield code="a">International Morphology Meeting</subfield><subfield code="0">(DE-588)1091789134</subfield></datafield><datafield ind1="2" ind2=" " tag="711"><subfield code="a">International Morphology Meeting</subfield><subfield code="n">9</subfield><subfield code="d">2000</subfield><subfield code="c">Wien</subfield><subfield code="0">(RERO)A020187315</subfield></datafield><datafield ind1="4" ind2=" " tag="856"><subfield code="3">Inhaltsverzeichnis</subfield><subfield code="u">http://www.ub.unibas.ch/tox/HBZ/HT013207041/PDF</subfield><subfield code="q">pdf</subfield></datafield><datafield ind1=" " ind2=" " tag="830"><subfield code="a">Amsterdam studies in the theory and history of linguistic science</subfield><subfield code="p">Series 4, Current issues in linguistic theory</subfield><subfield code="v">218</subfield><subfield code="w">(IDSBB)000019250DSV01</subfield></datafield><datafield ind1=" " ind2=" " tag="900"><subfield code="a">REROnoselfmerge</subfield></datafield><datafield ind1=" " ind2=" " tag="949"><subfield code="a">http://www.ub.unibas.ch/tox/HBZ/HT013207041/PDF</subfield></datafield></record>
</metadata></record>