<record><header><identifier>oai:alma.41SLSP_UGE:991000050909705502</identifier><datestamp>2024-10-05T00:10:19Z</datestamp><setSpec>uge_bcen_RapidILL_BOOK</setSpec><setSpec>uge_aaca_RapidILL_BOOK</setSpec><setSpec>uge_abels_RapidILL_BOOK</setSpec><setSpec>uge_dbu_RapidILL_BOOK</setSpec><setSpec>uge_cmu_RapidILL_BOOK</setSpec><setSpec>uge_mail_RapidILL_BOOK</setSpec><setSpec>uge_abbat_RapidILL_BOOK</setSpec><setSpec>UNIGE_ALL</setSpec><setSpec>uge_aobs_RapidILL_BOOK</setSpec><setSpec>uge_acar_RapidILL_BOOK</setSpec></header><metadata>
<record xmlns="http://www.loc.gov/MARC21/slim" xmlns:xsi="http://www.w3.org/2001/XMLSchema-instance" xsi:schemaLocation="http://www.loc.gov/MARC21/slim http://www.loc.gov/standards/marcxml/schema/MARC21slim.xsd"><leader>01536nam a2200457 c 4500</leader><controlfield tag="001">991000050909705502</controlfield><controlfield tag="005">20241004184508.0</controlfield><controlfield tag="008">201012s2000    sz ||||| |||| 00| ||fre d</controlfield><datafield ind1=" " ind2=" " tag="015"><subfield code="a">GFR-CIP-99,N48,0713</subfield><subfield code="a">DNB-00,A29,1565</subfield></datafield><datafield ind1="7" ind2=" " tag="016"><subfield code="a">957794991</subfield><subfield code="2">GyFmDB</subfield></datafield><datafield ind1=" " ind2=" " tag="020"><subfield code="a">3906763552</subfield></datafield><datafield ind1=" " ind2=" " tag="035"><subfield code="a">(swissbib)240015061-41slsp_network</subfield></datafield><datafield ind1=" " ind2=" " tag="035"><subfield code="a">240015061</subfield><subfield code="9">ExL</subfield></datafield><datafield ind1=" " ind2=" " tag="035"><subfield code="a">(RERO)R266583560-41slsp</subfield></datafield><datafield ind1=" " ind2=" " tag="035"><subfield code="a">(IDSBB)002073870DSV01</subfield></datafield><datafield ind1=" " ind2=" " tag="035"><subfield code="a">(NEBIS)008268220EBI01</subfield></datafield><datafield ind1=" " ind2=" " tag="035"><subfield code="a">(EXLNZ-41SLSP_NETWORK)991062479549705501</subfield></datafield><datafield ind1=" " ind2=" " tag="040"><subfield code="a">RERO nebpun</subfield><subfield code="d">CH-ZuSLS</subfield></datafield><datafield ind1=" " ind2=" " tag="044"><subfield code="a">sz</subfield><subfield code="c">ch-be</subfield></datafield><datafield ind1=" " ind2="7" tag="072"><subfield code="a">fr</subfield><subfield code="2">rero</subfield></datafield><datafield ind1=" " ind2="7" tag="072"><subfield code="a">fs</subfield><subfield code="2">SzZuIDS BS/BE</subfield></datafield><datafield ind1="1" ind2=" " tag="080"><subfield code="a">804.0.541</subfield></datafield><datafield ind1="1" ind2="4" tag="082"><subfield code="a">440</subfield><subfield code="2">15</subfield></datafield><datafield ind1=" " ind2=" " tag="084"><subfield code="a">ID 4695</subfield><subfield code="2">rvk</subfield></datafield><datafield ind1=" " ind2=" " tag="084"><subfield code="a">ID 5570</subfield><subfield code="2">rvk</subfield></datafield><datafield ind1="1" ind2=" " tag="100"><subfield code="a">Gezundhajt, Henriette</subfield><subfield code="0">(IDREF)058055975</subfield><subfield code="4">cre</subfield></datafield><datafield ind1="1" ind2="0" tag="245"><subfield code="a">Adverbes en &quot;-ment&quot; et opérations énonciatives</subfield><subfield code="b">analyse linguistique et discursive</subfield><subfield code="c">Henriette Gezundhajt</subfield></datafield><datafield ind1=" " ind2="1" tag="264"><subfield code="a">Bern [etc.]</subfield><subfield code="b">P. Lang</subfield><subfield code="c">[2000]</subfield></datafield><datafield ind1=" " ind2="4" tag="264"><subfield code="c">© 2000</subfield></datafield><datafield ind1=" " ind2=" " tag="300"><subfield code="a">XI, 353 p.</subfield><subfield code="b">fig.</subfield><subfield code="c">21 cm</subfield></datafield><datafield ind1=" " ind2=" " tag="336"><subfield code="b">txt</subfield><subfield code="2">rdacontent</subfield></datafield><datafield ind1=" " ind2=" " tag="337"><subfield code="b">n</subfield><subfield code="2">rdamedia</subfield></datafield><datafield ind1=" " ind2=" " tag="338"><subfield code="b">nc</subfield><subfield code="2">rdacarrier</subfield></datafield><datafield ind1="1" ind2=" " tag="490"><subfield code="a">Sciences pour la communication</subfield><subfield code="v">59</subfield></datafield><datafield ind1=" " ind2=" " tag="500"><subfield code="a">Literaturverz. S. 337 - 345</subfield></datafield><datafield ind1=" " ind2="7" tag="650"><subfield code="a">Français (langue)</subfield><subfield code="0">(IDREF)027276635</subfield><subfield code="2">idref</subfield></datafield><datafield ind1=" " ind2="7" tag="650"><subfield code="a">suffixe &quot;-ment&quot;</subfield><subfield code="0">(RERO)A010030594</subfield><subfield code="2">rerovoc</subfield></datafield><datafield ind1=" " ind2="7" tag="650"><subfield code="a">Adverbes</subfield><subfield code="0">(IDREF)02799239X</subfield><subfield code="2">idref</subfield></datafield><datafield ind1=" " ind2="7" tag="650"><subfield code="a">Französische Sprache</subfield><subfield code="x">Adverb</subfield><subfield code="2">idsbb</subfield></datafield><datafield ind1=" " ind2=" " tag="690"><subfield code="a">Französisch : Adverb</subfield><subfield code="2">uzb-VH</subfield></datafield><datafield ind1=" " ind2=" " tag="830"><subfield code="a">Sciences pour la communication</subfield><subfield code="v">59</subfield><subfield code="w">(NEBIS)000514213EBI01</subfield></datafield><datafield ind1=" " ind2=" " tag="900"><subfield code="a">REROnoselfmerge</subfield></datafield></record>
</metadata></record>