<record><header><identifier>oai:alma.41SLSP_UGE:991000044959705502</identifier><datestamp>2024-03-02T01:31:13Z</datestamp><setSpec>uge_bcen_RapidILL_BOOK</setSpec><setSpec>uge_aaca_RapidILL_BOOK</setSpec><setSpec>uge_abels_RapidILL_BOOK</setSpec><setSpec>uge_dbu_RapidILL_BOOK</setSpec><setSpec>uge_cmu_RapidILL_BOOK</setSpec><setSpec>uge_mail_RapidILL_BOOK</setSpec><setSpec>uge_abbat_RapidILL_BOOK</setSpec><setSpec>UNIGE_ALL</setSpec><setSpec>uge_acar_RapidILL_BOOK</setSpec><setSpec>uge_aobs_RapidILL_BOOK</setSpec></header><metadata>
<record xmlns="http://www.loc.gov/MARC21/slim" xmlns:xsi="http://www.w3.org/2001/XMLSchema-instance" xsi:schemaLocation="http://www.loc.gov/MARC21/slim http://www.loc.gov/standards/marcxml/schema/MARC21slim.xsd"><leader>02943nam a2200481 c 4500</leader><controlfield tag="001">991000044959705502</controlfield><controlfield tag="005">20230408194306.0</controlfield><controlfield tag="008">201011s2016    be |||||      00| ||fre d</controlfield><datafield ind1=" " ind2=" " tag="020"><subfield code="a">9782875621160</subfield></datafield><datafield ind1=" " ind2=" " tag="035"><subfield code="a">(swissbib)216933277-41slsp_network</subfield></datafield><datafield ind1=" " ind2=" " tag="035"><subfield code="a">216933277</subfield><subfield code="9">ExL</subfield></datafield><datafield ind1=" " ind2=" " tag="035"><subfield code="a">(IDSBB)006671764DSV01</subfield></datafield><datafield ind1=" " ind2=" " tag="035"><subfield code="a">(RERO)R008666877-41slsp</subfield></datafield><datafield ind1=" " ind2=" " tag="035"><subfield code="a">(EXLNZ-41SLSP_NETWORK)991044276399705501</subfield></datafield><datafield ind1=" " ind2=" " tag="040"><subfield code="a">SzZuIDS BS/BE A301</subfield><subfield code="b">ger</subfield><subfield code="b">fre</subfield><subfield code="e">rda</subfield><subfield code="d">CH-ZuSLS</subfield></datafield><datafield ind1="7" ind2="4" tag="082"><subfield code="a">700</subfield><subfield code="2">23sdnb</subfield></datafield><datafield ind1=" " ind2=" " tag="084"><subfield code="a">3</subfield><subfield code="2">sdnb</subfield></datafield><datafield ind1="0" ind2="0" tag="245"><subfield code="a">&lt;&lt;L'&gt;&gt;image peut-elle nier ?</subfield><subfield code="c">sous la direction de Sémir Badir et Maria Giulia Dondero</subfield></datafield><datafield ind1=" " ind2="1" tag="264"><subfield code="a">Liège</subfield><subfield code="b">Presses Universitaire de Liège</subfield><subfield code="c">2016</subfield></datafield><datafield ind1=" " ind2=" " tag="300"><subfield code="a">220 Seiten</subfield><subfield code="b">Illustrationen</subfield></datafield><datafield ind1=" " ind2=" " tag="336"><subfield code="b">txt</subfield><subfield code="2">rdacontent</subfield></datafield><datafield ind1=" " ind2=" " tag="337"><subfield code="b">n</subfield><subfield code="2">rdamedia</subfield></datafield><datafield ind1=" " ind2=" " tag="338"><subfield code="b">nc</subfield><subfield code="2">rdacarrier</subfield></datafield><datafield ind1="0" ind2=" " tag="490"><subfield code="a">Collection Clinamen</subfield><subfield code="v">4</subfield></datafield><datafield ind1=" " ind2=" " tag="500"><subfield code="a">Actes du colloque de Liège, Université, 15-17 décembre 2011</subfield></datafield><datafield ind1="0" ind2="0" tag="505"><subfield code="t">Introduction</subfield><subfield code="r">Sémir Badir et Maria Giulia Dondero</subfield><subfield code="t">La négation dans l'image : pour une approche énonciative</subfield><subfield code="r">Maria Giulia Dondero</subfield><subfield code="t">De quelques pratiques énonciatives pour une négation par l'image</subfield><subfield code="r">Odile Le Guern</subfield><subfield code="t">Reproduction sérielle et citation d'image : répéter, est-ce nier ?</subfield><subfield code="r">Marion Colas-Blaise</subfield><subfield code="t">Sur quelques procédures codifiées d'expression de la négation dans l'image</subfield><subfield code="r">Elisabetta Gigante</subfield><subfield code="t">La négation dans une sémiotique de l'image : à partir d'une étude du gag visuel</subfield><subfield code="r">Gian Maria Tore</subfield><subfield code="t">La négation silencieuse : quelques réflexions sur l'image</subfield><subfield code="r">Jean-François Bordron</subfield><subfield code="t">Nier en images : Magritte, 1926-1928</subfield><subfield code="r">Sémir Badir</subfield><subfield code="t">Entre ceci et cela : négation linguistique, dénégation iconique</subfield><subfield code="r">Bernard Vouilloux</subfield><subfield code="t">L'image égyptienne peut-elle nier ?</subfield><subfield code="r">Jean Winand et Valérie Angenot</subfield><subfield code="t">De l'allégorie à la scène mythique : de quelques assertions et négations iconiques</subfield><subfield code="r">Ivan Darrault-Harris</subfield><subfield code="t">Postface : à quelles conditions peut-on parler de négation dans l'image ?</subfield><subfield code="r">Jean-Marie Klinkenberg</subfield></datafield><datafield ind1=" " ind2="7" tag="648"><subfield code="a">Geschichte</subfield><subfield code="2">gnd</subfield></datafield><datafield ind1=" " ind2="7" tag="650"><subfield code="a">Bildtheorie</subfield><subfield code="0">(DE-588)7731060-3</subfield><subfield code="2">gnd</subfield></datafield><datafield ind1=" " ind2="7" tag="650"><subfield code="a">Ästhetik</subfield><subfield code="0">(DE-588)4000626-8</subfield><subfield code="2">gnd</subfield></datafield><datafield ind1=" " ind2="7" tag="650"><subfield code="a">Kunst</subfield><subfield code="0">(DE-588)4114333-4</subfield><subfield code="2">gnd</subfield></datafield><datafield ind1=" " ind2="7" tag="650"><subfield code="a">Negation</subfield><subfield code="0">(DE-588)4137553-1</subfield><subfield code="2">gnd</subfield></datafield><datafield ind1=" " ind2="7" tag="655"><subfield code="a">Aufsatzsammlung</subfield><subfield code="2">gnd-content</subfield></datafield><datafield ind1=" " ind2="7" tag="650"><subfield code="a">Arts</subfield><subfield code="0">(IDREF)027280756</subfield><subfield code="2">idref</subfield></datafield><datafield ind1=" " ind2="7" tag="650"><subfield code="a">Esthétique</subfield><subfield code="0">(IDREF)027224503</subfield><subfield code="2">idref</subfield></datafield><datafield ind1=" " ind2="7" tag="650"><subfield code="a">Négation (logique)</subfield><subfield code="0">(IDREF)029469376</subfield><subfield code="2">idref</subfield></datafield><datafield ind1=" " ind2="7" tag="650"><subfield code="a">Dénégation (psychologie)</subfield><subfield code="0">(IDREF)027914186</subfield><subfield code="2">idref</subfield></datafield><datafield ind1="1" ind2=" " tag="700"><subfield code="a">Dondero, Maria Giulia</subfield><subfield code="d">1975-</subfield><subfield code="6">880-04</subfield><subfield code="0">(DE-588)132968533</subfield><subfield code="e">Herausgeber</subfield><subfield code="4">edt</subfield></datafield><datafield ind1="1" ind2=" " tag="880"><subfield code="6">700-04/(B</subfield><subfield code="a">Dondero, Maria Giulia</subfield><subfield code="d">1975-....</subfield><subfield code="0">(IDREF)114632081</subfield><subfield code="4">edt</subfield></datafield><datafield ind1="1" ind2=" " tag="700"><subfield code="a">Badir, Sémir</subfield><subfield code="d">1968-</subfield><subfield code="6">880-03</subfield><subfield code="0">(DE-588)136962173</subfield><subfield code="e">Herausgeber</subfield><subfield code="4">edt</subfield></datafield><datafield ind1="1" ind2=" " tag="880"><subfield code="6">700-03</subfield><subfield code="a">Badir, Sémir</subfield><subfield code="d">1968-....</subfield><subfield code="0">(IDREF)055764371</subfield><subfield code="4">edt</subfield></datafield><datafield ind1=" " ind2=" " tag="830"><subfield code="a">Clinamen</subfield><subfield code="p">Presses universitaires de Liège</subfield><subfield code="v">4</subfield><subfield code="w">(RERO)R008124008-41slsp</subfield></datafield><datafield ind1=" " ind2=" " tag="900"><subfield code="a">REROnoselfmerge</subfield></datafield><datafield ind1=" " ind2=" " tag="903"><subfield code="a">RERO-SIGN</subfield><subfield code="5">UNIGE/20210830/jcc</subfield></datafield><datafield ind1=" " ind2=" " tag="910"><subfield code="a">OCoLC</subfield><subfield code="b">20170615</subfield><subfield code="c">Droits réservés</subfield></datafield></record>
</metadata></record>